<?xml version="1.0" encoding="UTF-8"?>
<!DOCTYPE html PUBLIC "-//W3C//DTD XHTML 1.0 Transitional//EN"
    "http://www.w3.org/TR/xhtml1/DTD/xhtml1-transitional.dtd">
<html xmlns="http://www.w3.org/1999/xhtml" xml:lang="en" lang="en">
 <head>
  <title>
</title>
<meta http-equiv="Content-Type" content="text/html;charset=utf-8" />
  <meta name='ocr-system' content='tesseract 3.04.00' />
  <meta name='ocr-capabilities' content='ocr_page ocr_carea ocr_par ocr_line ocrx_word'/>
</head>
<body>
  <div class='ocr_page' id='page_1' title='image "./codexliturgicus00danigoog_0106.png"; bbox 0 0 3038 4920; ppageno 0'>
   <div class='ocr_carea' id='block_1_1' title="bbox 72 80 1470 185">
    <p class='ocr_par' dir='ltr' id='par_1_1' title="bbox 72 80 1470 185">
     <span class='ocr_line' id='line_1_1' title="bbox 72 80 1470 185; baseline 0.014 -29"><span class='ocrx_word' id='word_1_1' title='bbox 72 98 129 157; x_wconf 80' lang='lat' dir='ltr'><strong>tiss</strong></span> <span class='ocrx_word' id='word_1_2' title='bbox 143 112 257 174; x_wconf 79' lang='lat' dir='ltr'><strong>agere,</strong></span> <span class='ocrx_word' id='word_1_3' title='bbox 271 96 617 180; x_wconf 58' lang='lat' dir='ltr'><strong>neminemneminer</strong></span> <span class='ocrx_word' id='word_1_4' title='bbox 631 104 833 183; x_wconf 83' lang='lat' dir='ltr'><strong>omnipotens,</strong></span> <span class='ocrx_word' id='word_1_5' title='bbox 847 113 968 166; x_wconf 84' lang='lat' dir='ltr'><strong>aeterna</strong></span> <span class='ocrx_word' id='word_1_6' title='bbox 982 80 1066 181; x_wconf 86' lang='lat' dir='ltr'><strong>laus,</strong></span> <span class='ocrx_word' id='word_1_7' title='bbox 1080 122 1135 185; x_wconf 82' lang='lat' dir='ltr'><strong>per</strong></span> <span class='ocrx_word' id='word_1_8' title='bbox 1148 104 1292 167; x_wconf 80' lang='lat' dir='ltr'><strong>Christum</strong></span> <span class='ocrx_word' id='word_1_9' title='bbox 1309 108 1360 169; x_wconf 86' lang='lat' dir='ltr'><strong>do·</strong></span> <span class='ocrx_word' id='word_1_10' title='bbox 1462 160 1470 175; x_wconf 83' lang='lat'>.</span> 
     </span>
    </p>
   </div>
   <div class='ocr_carea' id='block_1_2' title="bbox 10 186 1427 1002">
    <p class='ocr_par' dir='ltr' id='par_1_2' title="bbox 10 186 1427 589">
     <span class='ocr_line' id='line_1_2' title="bbox 72 186 381 275; baseline 0.006 -15"><span class='ocrx_word' id='word_1_11' title='bbox 72 186 381 275; x_wconf 75' lang='lat' dir='ltr'><strong>umunnmuaml)</strong></span> 
     </span>
     <span class='ocr_line' id='line_1_3' title="bbox 10 300 1427 390; baseline 0.006 -27"><span class='ocrx_word' id='word_1_12' title='bbox 10 306 12 319; x_wconf 94' lang='lat'>&#39;</span> <span class='ocrx_word' id='word_1_13' title='bbox 175 300 228 365; x_wconf 92' lang='lat' dir='ltr'><strong>lll.</strong></span> <span class='ocrx_word' id='word_1_14' title='bbox 266 302 392 365; x_wconf 84' lang='lat' dir='ltr'><strong>Deinde.</strong></span> <span class='ocrx_word' id='word_1_15' title='bbox 431 306 488 380; x_wconf 84' lang='lat' dir='ltr'><strong>Qui</strong></span> <span class='ocrx_word' id='word_1_16' title='bbox 507 304 603 385; x_wconf 79' lang='lat' dir='ltr'>pridie</span> <span class='ocrx_word' id='word_1_17' title='bbox 624 324 709 385; x_wconf 83' lang='lat' dir='ltr'><strong>quam</strong></span> <span class='ocrx_word' id='word_1_18' title='bbox 723 315 873 387; x_wconf 86' lang='lat' dir='ltr'><strong>pateretur</strong></span> <span class='ocrx_word' id='word_1_19' title='bbox 887 309 1120 390; x_wconf 84' lang='lat' dir='ltr'><strong>accepitpanem</strong></span> <span class='ocrx_word' id='word_1_20' title='bbox 1134 311 1358 387; x_wconf 80' lang='lat' dir='ltr'><strong>gratiaaagens,</strong></span> <span class='ocrx_word' id='word_1_21' title='bbox 1400 318 1427 371; x_wconf 87' lang='lat'><strong>&#39;.</strong></span> 
     </span>
     <span class='ocr_line' id='line_1_4' title="bbox 71 403 1359 492; baseline 0.006 -27"><span class='ocrx_word' id='word_1_22' title='bbox 71 403 181 482; x_wconf 76' lang='lat' dir='ltr'><strong>fregit,</strong></span> <span class='ocrx_word' id='word_1_23' title='bbox 204 403 344 487; x_wconf 75' lang='lat' dir='ltr'>deditque</span> <span class='ocrx_word' id='word_1_24' title='bbox 357 406 500 488; x_wconf 82' lang='lat' dir='ltr'><strong>discipilis</strong></span> <span class='ocrx_word' id='word_1_25' title='bbox 513 409 591 485; x_wconf 88' lang='lat' dir='ltr'><strong>suis,</strong></span> <span class='ocrx_word' id='word_1_26' title='bbox 612 407 721 471; x_wconf 90' lang='lat' dir='ltr'><strong>dicens.</strong></span> <span class='ocrx_word' id='word_1_27' title='bbox 760 409 911 490; x_wconf 74' lang='lat' dir='ltr'><strong>Accipite,</strong></span> <span class='ocrx_word' id='word_1_28' title='bbox 932 410 1095 486; x_wconf 77' lang='lat' dir='ltr'>comedite,</span> <span class='ocrx_word' id='word_1_29' title='bbox 1115 410 1179 472; x_wconf 86' lang='lat' dir='ltr'><strong>lloc</strong></span> <span class='ocrx_word' id='word_1_30' title='bbox 1194 421 1240 472; x_wconf 88' lang='lat' dir='ltr'><strong>est</strong></span> <span class='ocrx_word' id='word_1_31' title='bbox 1254 428 1359 492; x_wconf 81' lang='lat' dir='ltr'><strong>corpus</strong></span> 
     </span>
     <span class='ocr_line' id='line_1_5' title="bbox 72 509 550 589; baseline 0.01 -22"><span class='ocrx_word' id='word_1_32' title='bbox 72 525 179 584; x_wconf 80' lang='lat' dir='ltr'><strong>neum,</strong></span> <span class='ocrx_word' id='word_1_33' title='bbox 197 509 277 588; x_wconf 89' lang='lat' dir='ltr'><strong>quod</strong></span> <span class='ocrx_word' id='word_1_34' title='bbox 289 527 344 589; x_wconf 80' lang='lat' dir='ltr'><strong>pro</strong></span> <span class='ocrx_word' id='word_1_35' title='bbox 357 511 444 571; x_wconf 83' lang='lat' dir='ltr'><strong>vobis</strong></span> <span class='ocrx_word' id='word_1_36' title='bbox 459 510 550 574; x_wconf 84' lang='lat' dir='ltr'><strong>datur.</strong></span> 
     </span>
    </p>

    <p class='ocr_par' dir='ltr' id='par_1_3' title="bbox 71 608 1360 899">
     <span class='ocr_line' id='line_1_6' title="bbox 175 608 1359 693; baseline 0.005 -24"><span class='ocrx_word' id='word_1_37' title='bbox 175 611 318 673; x_wconf 73' lang='lat' dir='ltr'><strong>Similiter</strong></span> <span class='ocrx_word' id='word_1_38' title='bbox 330 621 361 674; x_wconf 92' lang='lat' dir='ltr'><strong>et</strong></span> <span class='ocrx_word' id='word_1_39' title='bbox 374 608 513 689; x_wconf 80' lang='lat' dir='ltr'><strong>calicem,</strong></span> <span class='ocrx_word' id='word_1_40' title='bbox 536 621 689 693; x_wconf 81' lang='lat' dir='ltr'><strong>postquam</strong></span> <span class='ocrx_word' id='word_1_41' title='bbox 704 614 854 688; x_wconf 86' lang='lat' dir='ltr'><strong>ceeuauit,</strong></span> <span class='ocrx_word' id='word_1_42' title='bbox 877 612 995 689; x_wconf 78' lang='lat' dir='ltr'><strong>(licens,</strong></span> <span class='ocrx_word' id='word_1_43' title='bbox 1015 613 1068 673; x_wconf 89' lang='lat' dir='ltr'><strong>llic</strong></span> <span class='ocrx_word' id='word_1_44' title='bbox 1079 612 1156 674; x_wconf 85' lang='lat' dir='ltr'><strong>calix</strong></span> <span class='ocrx_word' id='word_1_45' title='bbox 1173 624 1219 674; x_wconf 88' lang='lat' dir='ltr'><strong>est</strong></span> <span class='ocrx_word' id='word_1_46' title='bbox 1233 617 1302 676; x_wconf 86' lang='lat' dir='ltr'><strong>novi</strong></span> <span class='ocrx_word' id='word_1_47' title='bbox 1318 623 1359 675; x_wconf 91' lang='lat' dir='ltr'><strong>te-</strong></span> 
     </span>
     <span class='ocr_line' id='line_1_7' title="bbox 71 715 1360 796; baseline 0.005 -25"><span class='ocrx_word' id='word_1_48' title='bbox 71 715 209 779; x_wconf 83' lang='lat' dir='ltr'><strong>stamenti</strong></span> <span class='ocrx_word' id='word_1_49' title='bbox 234 715 263 774; x_wconf 88' lang='lat' dir='ltr'><strong>in</strong></span> <span class='ocrx_word' id='word_1_50' title='bbox 284 733 350 776; x_wconf 91' lang='lat' dir='ltr'><strong>meo</strong></span> <span class='ocrx_word' id='word_1_51' title='bbox 369 719 532 794; x_wconf 82' lang='lat' dir='ltr'><strong>sanguine,</strong></span> <span class='ocrx_word' id='word_1_52' title='bbox 552 716 601 795; x_wconf 90' lang='lat' dir='ltr'><strong>qui</strong></span> <span class='ocrx_word' id='word_1_53' title='bbox 621 733 676 795; x_wconf 80' lang='lat' dir='ltr'><strong>pro</strong></span> <span class='ocrx_word' id='word_1_54' title='bbox 697 717 783 777; x_wconf 86' lang='lat' dir='ltr'><strong>vobis</strong></span> <span class='ocrx_word' id='word_1_55' title='bbox 803 726 834 776; x_wconf 86' lang='lat' dir='ltr'><strong>et</strong></span> <span class='ocrx_word' id='word_1_56' title='bbox 854 735 908 796; x_wconf 85' lang='lat' dir='ltr'><strong>pre</strong></span> <span class='ocrx_word' id='word_1_57' title='bbox 923 716 1019 777; x_wconf 90' lang='lat' dir='ltr'><strong>multis</strong></span> <span class='ocrx_word' id='word_1_58' title='bbox 1036 715 1202 777; x_wconf 77' lang='lat' dir='ltr'><strong>effundetur</strong></span> <span class='ocrx_word' id='word_1_59' title='bbox 1215 719 1244 777; x_wconf 92' lang='lat' dir='ltr'><strong>iu</strong></span> <span class='ocrx_word' id='word_1_60' title='bbox 1259 718 1360 778; x_wconf 89' lang='lat' dir='ltr'><strong>remis-</strong></span> 
     </span>
     <span class='ocr_line' id='line_1_8' title="bbox 71 805 1358 899; baseline 0.004 -25"><span class='ocrx_word' id='word_1_61' title='bbox 71 816 188 877; x_wconf 83' lang='lat' dir='ltr'><strong>siorem</strong></span> <span class='ocrx_word' id='word_1_62' title='bbox 201 826 398 896; x_wconf 83' lang='lat' dir='ltr'><strong>peccaterum.</strong></span> <span class='ocrx_word' id='word_1_63' title='bbox 428 819 509 879; x_wconf 86' lang='lat' dir='ltr'><strong>llaec</strong></span> <span class='ocrx_word' id='word_1_64' title='bbox 522 820 755 899; x_wconf 76' lang='lat' dir='ltr'><strong>quotiescunque</strong></span> <span class='ocrx_word' id='word_1_65' title='bbox 768 820 899 880; x_wconf 79' lang='lat' dir='ltr'><strong>feceritis</strong></span> <span class='ocrx_word' id='word_1_66' title='bbox 914 821 942 879; x_wconf 91' lang='lat' dir='ltr'><strong>in</strong></span> <span class='ocrx_word' id='word_1_67' title='bbox 952 821 1009 879; x_wconf 89' lang='lat' dir='ltr'><strong>mci</strong></span> <span class='ocrx_word' id='word_1_68' title='bbox 1019 805 1358 893; x_wconf 75' lang='lat' dir='ltr'><strong>memoriamlaciatis.²)</strong></span> 
     </span>
    </p>

    <p class='ocr_par' dir='ltr' id='par_1_4' title="bbox 175 898 1357 1002">
     <span class='ocr_line' id='line_1_9' title="bbox 175 898 1357 1002; baseline 0.003 -23"><span class='ocrx_word' id='word_1_69' title='bbox 175 917 256 980; x_wconf 88' lang='lat' dir='ltr'><strong>llaec</strong></span> <span class='ocrx_word' id='word_1_70' title='bbox 274 920 366 981; x_wconf 83' lang='lat' dir='ltr'><strong>verba</strong></span> <span class='ocrx_word' id='word_1_71' title='bbox 383 920 490 982; x_wconf 83' lang='lat' dir='ltr'><strong>Gbristi</strong></span> <span class='ocrx_word' id='word_1_72' title='bbox 504 921 610 997; x_wconf 82' lang='lat' dir='ltr'><strong>velim,</strong></span> <span class='ocrx_word' id='word_1_73' title='bbox 630 922 744 983; x_wconf 86' lang='lat' dir='ltr'><strong>modica</strong></span> <span class='ocrx_word' id='word_1_74' title='bbox 760 931 828 1002; x_wconf 81' lang='lat' dir='ltr'><strong>post</strong></span> <span class='ocrx_word' id='word_1_75' title='bbox 842 898 1053 1001; x_wconf 72' lang='lat' dir='ltr'><strong>placiationem</strong></span> <span class='ocrx_word' id='word_1_76' title='bbox 1069 924 1243 1002; x_wconf 85' lang='lat' dir='ltr'><strong>interposita</strong></span> <span class='ocrx_word' id='word_1_77' title='bbox 1256 941 1357 1002; x_wconf 84' lang='lat' dir='ltr'><strong>pausa,</strong></span> 
     </span>
    </p>
   </div>
   <div class='ocr_carea' id='block_1_3' title="bbox 72 1022 1469 1106">
    <p class='ocr_par' dir='ltr' id='par_1_5' title="bbox 72 1022 1469 1106">
     <span class='ocr_line' id='line_1_10' title="bbox 72 1022 1469 1106; baseline 0.006 -27"><span class='ocrx_word' id='word_1_78' title='bbox 72 1022 98 1080; x_wconf 93' lang='lat' dir='ltr'><strong>in</strong></span> <span class='ocrx_word' id='word_1_79' title='bbox 122 1037 163 1081; x_wconf 90' lang='lat' dir='ltr'><strong>eo</strong></span> <span class='ocrx_word' id='word_1_80' title='bbox 186 1030 257 1083; x_wconf 87' lang='lat' dir='ltr'><strong>tono</strong></span> <span class='ocrx_word' id='word_1_81' title='bbox 278 1024 360 1084; x_wconf 82' lang='lat' dir='ltr'><strong>vocis</strong></span> <span class='ocrx_word' id='word_1_82' title='bbox 380 1026 515 1101; x_wconf 85' lang='lat' dir='ltr'><strong>recitari,</strong></span> <span class='ocrx_word' id='word_1_83' title='bbox 536 1044 594 1106; x_wconf 85' lang='lat' dir='ltr'><strong>quo</strong></span> <span class='ocrx_word' id='word_1_84' title='bbox 609 1027 722 1089; x_wconf 87' lang='lat' dir='ltr'><strong>canitur</strong></span> <span class='ocrx_word' id='word_1_85' title='bbox 736 1025 808 1086; x_wconf 85' lang='lat' dir='ltr'><strong>alias</strong></span> <span class='ocrx_word' id='word_1_86' title='bbox 826 1028 919 1087; x_wconf 86' lang='lat' dir='ltr'><strong>oratio</strong></span> <span class='ocrx_word' id='word_1_87' title='bbox 935 1026 1079 1087; x_wconf 79' lang='lat' dir='ltr'><strong>donniuica</strong></span> <span class='ocrx_word' id='word_1_88' title='bbox 1093 1028 1121 1085; x_wconf 90' lang='lat' dir='ltr'><strong>in</strong></span> <span class='ocrx_word' id='word_1_89' title='bbox 1137 1025 1273 1103; x_wconf 82' lang='lat' dir='ltr'><strong>Canens,</strong></span> <span class='ocrx_word' id='word_1_90' title='bbox 1296 1035 1357 1087; x_wconf 79' lang='lat' dir='ltr'><strong>ata</strong></span> <span class='ocrx_word' id='word_1_91' title='bbox 1465 1099 1469 1106; x_wconf 27' lang='lat'>¹</span> 
     </span>
    </p>
   </div>
   <div class='ocr_carea' id='block_1_4' title="bbox 67 1124 1406 1818">
    <p class='ocr_par' dir='ltr' id='par_1_6' title="bbox 69 1124 1406 1309">
     <span class='ocr_line' id='line_1_11' title="bbox 70 1124 1406 1209; baseline 0.01 -27"><span class='ocrx_word' id='word_1_92' title='bbox 70 1124 327 1186; x_wconf 74' lang='lat' dir='ltr'><strong>circumstantibus</strong></span> <span class='ocrx_word' id='word_1_93' title='bbox 346 1129 440 1205; x_wconf 84' lang='lat' dir='ltr'><strong>possit</strong></span> <span class='ocrx_word' id='word_1_94' title='bbox 454 1128 564 1205; x_wconf 85' lang='lat' dir='ltr'><strong>audiri,</strong></span> <span class='ocrx_word' id='word_1_95' title='bbox 584 1146 755 1209; x_wconf 86' lang='lat' dir='ltr'><strong>quamquam</strong></span> <span class='ocrx_word' id='word_1_96' title='bbox 769 1131 797 1188; x_wconf 88' lang='lat' dir='ltr'><strong>iu</strong></span> <span class='ocrx_word' id='word_1_97' title='bbox 812 1128 857 1188; x_wconf 92' lang='lat' dir='ltr'><strong>his</strong></span> <span class='ocrx_word' id='word_1_98' title='bbox 872 1128 1005 1190; x_wconf 90' lang='lat' dir='ltr'><strong>omnibns</strong></span> <span class='ocrx_word' id='word_1_99' title='bbox 1019 1128 1140 1190; x_wconf 90' lang='lat' dir='ltr'><strong>libertas</strong></span> <span class='ocrx_word' id='word_1_100' title='bbox 1154 1131 1192 1189; x_wconf 90' lang='lat' dir='ltr'><strong>sit</strong></span> <span class='ocrx_word' id='word_1_101' title='bbox 1207 1130 1261 1209; x_wconf 87' lang='lat' dir='ltr'><strong>piis</strong></span> <span class='ocrx_word' id='word_1_102' title='bbox 1277 1148 1353 1190; x_wconf 90' lang='lat' dir='ltr'><strong>men·</strong></span> <span class='ocrx_word' id='word_1_103' title='bbox 1401 1180 1406 1195; x_wconf 82' lang='grc'><strong>.</strong></span> 
     </span>
     <span class='ocr_line' id='line_1_12' title="bbox 69 1226 842 1309; baseline 0.005 -25"><span class='ocrx_word' id='word_1_104' title='bbox 69 1226 168 1304; x_wconf 88' lang='lat' dir='ltr'><strong>tibus,</strong></span> <span class='ocrx_word' id='word_1_105' title='bbox 181 1226 229 1287; x_wconf 87' lang='lat' dir='ltr'><strong>vel</strong></span> <span class='ocrx_word' id='word_1_106' title='bbox 244 1228 368 1289; x_wconf 86' lang='lat' dir='ltr'><strong>silenter</strong></span> <span class='ocrx_word' id='word_1_107' title='bbox 382 1229 429 1290; x_wconf 82' lang='lat' dir='ltr'><strong>vel</strong></span> <span class='ocrx_word' id='word_1_108' title='bbox 445 1230 538 1309; x_wconf 87' lang='lat' dir='ltr'><strong>palam</strong></span> <span class='ocrx_word' id='word_1_109' title='bbox 553 1249 587 1290; x_wconf 87' lang='lat' dir='ltr'><strong>ea</strong></span> <span class='ocrx_word' id='word_1_110' title='bbox 604 1231 693 1290; x_wconf 88' lang='lat' dir='ltr'><strong>verba</strong></span> <span class='ocrx_word' id='word_1_111' title='bbox 709 1231 842 1291; x_wconf 87' lang='lat' dir='ltr'><strong>recitare.</strong></span> 
     </span>
    </p>

    <p class='ocr_par' dir='ltr' id='par_1_7' title="bbox 67 1327 1355 1818">
     <span class='ocr_line' id='line_1_13' title="bbox 172 1327 1354 1409; baseline 0.003 -21"><span class='ocrx_word' id='word_1_112' title='bbox 172 1327 221 1389; x_wconf 89' lang='lat' dir='ltr'><strong>tv.</strong></span> <span class='ocrx_word' id='word_1_113' title='bbox 261 1329 356 1392; x_wconf 81' lang='lat' dir='ltr'><strong>Finita</strong></span> <span class='ocrx_word' id='word_1_114' title='bbox 371 1330 590 1409; x_wconf 82' lang='lat' dir='ltr'><strong>benedictione,</strong></span> <span class='ocrx_word' id='word_1_115' title='bbox 605 1330 719 1392; x_wconf 83' lang='lat' dir='ltr'><strong>Chorus</strong></span> <span class='ocrx_word' id='word_1_116' title='bbox 736 1341 833 1392; x_wconf 91' lang='lat' dir='ltr'><strong>cantet</strong></span> <span class='ocrx_word' id='word_1_117' title='bbox 846 1332 980 1406; x_wconf 79' lang='lat' dir='ltr'><strong>Sanctus,</strong></span> <span class='ocrx_word' id='word_1_118' title='bbox 995 1341 1025 1392; x_wconf 89' lang='lat' dir='ltr'><strong>et</strong></span> <span class='ocrx_word' id='word_1_119' title='bbox 1038 1331 1091 1391; x_wconf 88' lang='lat' dir='ltr'><strong>sub</strong></span> <span class='ocrx_word' id='word_1_120' title='bbox 1106 1332 1277 1392; x_wconf 85' lang='lat' dir='ltr'><strong>benedictus</strong></span> <span class='ocrx_word' id='word_1_121' title='bbox 1295 1333 1354 1393; x_wconf 93' lang='lat' dir='ltr'><strong>ele·</strong></span> 
     </span>
     <span class='ocr_line' id='line_1_14' title="bbox 68 1431 1353 1512; baseline 0.003 -22"><span class='ocrx_word' id='word_1_122' title='bbox 68 1438 153 1491; x_wconf 91' lang='lat' dir='ltr'><strong>uetur</strong></span> <span class='ocrx_word' id='word_1_123' title='bbox 175 1434 260 1511; x_wconf 83' lang='lat' dir='ltr'><strong>panis</strong></span> <span class='ocrx_word' id='word_1_124' title='bbox 282 1442 312 1493; x_wconf 93' lang='lat' dir='ltr'><strong>et</strong></span> <span class='ocrx_word' id='word_1_125' title='bbox 327 1431 409 1494; x_wconf 81' lang='lat' dir='ltr'><strong>calix</strong></span> <span class='ocrx_word' id='word_1_126' title='bbox 424 1438 480 1494; x_wconf 87' lang='lat' dir='ltr'><strong>ritu</strong></span> <span class='ocrx_word' id='word_1_127' title='bbox 496 1434 636 1494; x_wconf 85' lang='lat' dir='ltr'><strong>hactenus</strong></span> <span class='ocrx_word' id='word_1_128' title='bbox 649 1442 786 1508; x_wconf 81' lang='lat' dir='ltr'><strong>seruato,</strong></span> <span class='ocrx_word' id='word_1_129' title='bbox 808 1432 856 1493; x_wconf 86' lang='lat' dir='ltr'><strong>vel</strong></span> <span class='ocrx_word' id='word_1_130' title='bbox 876 1442 998 1512; x_wconf 83' lang='lat' dir='ltr'><strong>propter</strong></span> <span class='ocrx_word' id='word_1_131' title='bbox 1012 1434 1157 1508; x_wconf 79' lang='lat' dir='ltr'><strong>infirmos,</strong></span> <span class='ocrx_word' id='word_1_132' title='bbox 1179 1436 1228 1512; x_wconf 89' lang='lat' dir='ltr'><strong>qni</strong></span> <span class='ocrx_word' id='word_1_133' title='bbox 1241 1433 1294 1493; x_wconf 89' lang='lat' dir='ltr'><strong>bac</strong></span> <span class='ocrx_word' id='word_1_134' title='bbox 1310 1451 1353 1494; x_wconf 88' lang='lat' dir='ltr'><strong>re·</strong></span> 
     </span>
     <span class='ocr_line' id='line_1_15' title="bbox 67 1531 1354 1613; baseline 0 -18"><span class='ocrx_word' id='word_1_135' title='bbox 67 1534 189 1613; x_wconf 80' lang='lat' dir='ltr'><strong>pentina</strong></span> <span class='ocrx_word' id='word_1_136' title='bbox 213 1532 289 1609; x_wconf 87' lang='lat' dir='ltr'><strong>(„au</strong></span> <span class='ocrx_word' id='word_1_137' title='bbox 309 1553 344 1595; x_wconf 86' lang='lat' dir='ltr'><strong>so</strong></span> <span class='ocrx_word' id='word_1_138' title='bbox 359 1535 510 1596; x_wconf 88' lang='lat' dir='ltr'><strong>sobneller</strong></span> <span class='ocrx_word' id='word_1_139' title='bbox 523 1531 742 1613; x_wconf 70' lang='lat' dir='ltr'><strong>benderung“)</strong></span> <span class='ocrx_word' id='word_1_140' title='bbox 757 1535 841 1596; x_wconf 91' lang='lat' dir='ltr'><strong>buius</strong></span> <span class='ocrx_word' id='word_1_141' title='bbox 856 1535 1027 1611; x_wconf 79' lang='lat' dir='ltr'><strong>insignioris</strong></span> <span class='ocrx_word' id='word_1_142' title='bbox 1045 1536 1072 1594; x_wconf 91' lang='lat' dir='ltr'><strong>in</strong></span> <span class='ocrx_word' id='word_1_143' title='bbox 1088 1533 1175 1595; x_wconf 81' lang='lat' dir='ltr'><strong>llissa</strong></span> <span class='ocrx_word' id='word_1_144' title='bbox 1191 1535 1262 1595; x_wconf 86' lang='lat' dir='ltr'><strong>ritus</strong></span> <span class='ocrx_word' id='word_1_145' title='bbox 1276 1534 1354 1595; x_wconf 81' lang='lat' dir='ltr'><strong>forte</strong></span> 
     </span>
     <span class='ocr_line' id='line_1_16' title="bbox 67 1635 1355 1718; baseline 0.002 -21"><span class='ocrx_word' id='word_1_146' title='bbox 67 1635 273 1713; x_wconf 72' lang='lat' dir='ltr'><strong>offendentur,</strong></span> <span class='ocrx_word' id='word_1_147' title='bbox 295 1639 468 1716; x_wconf 83' lang='lat' dir='ltr'><strong>praesertim</strong></span> <span class='ocrx_word' id='word_1_148' title='bbox 488 1637 536 1697; x_wconf 84' lang='lat' dir='ltr'><strong>vbi</strong></span> <span class='ocrx_word' id='word_1_149' title='bbox 561 1657 614 1718; x_wconf 87' lang='lat' dir='ltr'><strong>per</strong></span> <span class='ocrx_word' id='word_1_150' title='bbox 636 1639 795 1699; x_wconf 87' lang='lat' dir='ltr'><strong>conciones</strong></span> <span class='ocrx_word' id='word_1_151' title='bbox 816 1637 987 1699; x_wconf 79' lang='lat' dir='ltr'><strong>vernaculas</strong></span> <span class='ocrx_word' id='word_1_152' title='bbox 1001 1638 1080 1699; x_wconf 92' lang='lat' dir='ltr'><strong>docti</strong></span> <span class='ocrx_word' id='word_1_153' title='bbox 1094 1638 1218 1715; x_wconf 85' lang='lat' dir='ltr'><strong>luerint,</strong></span> <span class='ocrx_word' id='word_1_154' title='bbox 1237 1636 1305 1718; x_wconf 88' lang='lat' dir='ltr'><strong>quid</strong></span> <span class='ocrx_word' id='word_1_155' title='bbox 1320 1656 1355 1699; x_wconf 88' lang='lat' dir='ltr'><strong>ea</strong></span> 
     </span>
     <span class='ocr_line' id='line_1_17' title="bbox 67 1726 421 1818; baseline 0 -18"><span class='ocrx_word' id='word_1_156' title='bbox 67 1747 185 1818; x_wconf 61' lang='lat' dir='ltr'><strong>fertur</strong></span> <span class='ocrx_word' id='word_1_157' title='bbox 202 1726 421 1814; x_wconf 77' lang='lat' dir='ltr'><strong>eleuetioae.³)</strong></span> 
     </span>
    </p>
   </div>
   <div class='ocr_carea' id='block_1_5' title="bbox 70 1856 277 1867">
    <p class='ocr_par' dir='ltr' id='par_1_8' title="bbox 70 1856 277 1867">
     <span class='ocr_line' id='line_1_18' title="bbox 70 1856 277 1867; baseline -0.01 0"><span class='ocrx_word' id='word_1_158' title='bbox 70 1856 277 1867; x_wconf 74' lang='lat'><em>———-—-—</em></span> 
     </span>
    </p>
   </div>
   <div class='ocr_carea' id='block_1_6' title="bbox 63 1900 1352 2572">
    <p class='ocr_par' dir='ltr' id='par_1_9' title="bbox 63 1900 1352 2484">
     <span class='ocr_line' id='line_1_19' title="bbox 131 1900 1351 1978; baseline 0.002 -21"><span class='ocrx_word' id='word_1_159' title='bbox 131 1902 163 1978; x_wconf 86' lang='lat'><strong>1)</strong></span> <span class='ocrx_word' id='word_1_160' title='bbox 178 1901 246 1959; x_wconf 83' lang='lat' dir='ltr'><strong>coa.</strong></span> <span class='ocrx_word' id='word_1_161' title='bbox 261 1901 312 1959; x_wconf 83' lang='lat' dir='ltr'><strong>lit.</strong></span> <span class='ocrx_word' id='word_1_162' title='bbox 327 1901 348 1957; x_wconf 92' lang='lat' dir='ltr'><strong>l.</strong></span> <span class='ocrx_word' id='word_1_163' title='bbox 363 1917 390 1973; x_wconf 87' lang='lat' dir='ltr'><strong>p.</strong></span> <span class='ocrx_word' id='word_1_164' title='bbox 404 1900 440 1955; x_wconf 81' lang='grc'><strong>19</strong></span> <span class='ocrx_word' id='word_1_165' title='bbox 452 1918 494 1973; x_wconf 86' lang='lat' dir='ltr'><strong>sq.</strong></span> <span class='ocrx_word' id='word_1_166' title='bbox 510 1904 558 1959; x_wconf 86' lang='grc'><strong>131</strong></span> <span class='ocrx_word' id='word_1_167' title='bbox 574 1919 615 1974; x_wconf 82' lang='lat' dir='ltr'><strong>sq.</strong></span> <span class='ocrx_word' id='word_1_168' title='bbox 643 1902 740 1959; x_wconf 76' lang='lat' dir='ltr'><strong>Multae</strong></span> <span class='ocrx_word' id='word_1_169' title='bbox 758 1902 895 1958; x_wconf 81' lang='lat' dir='ltr'><strong>ecclesiae</strong></span> <span class='ocrx_word' id='word_1_170' title='bbox 912 1909 1075 1974; x_wconf 83' lang='lat' dir='ltr'><strong>receperunt</strong></span> <span class='ocrx_word' id='word_1_171' title='bbox 1089 1918 1183 1959; x_wconf 85' lang='lat' dir='ltr'><strong>omues</strong></span> <span class='ocrx_word' id='word_1_172' title='bbox 1201 1903 1351 1960; x_wconf 78' lang='lat' dir='ltr'><strong>Praelatio-</strong></span> 
     </span>
     <span class='ocr_line' id='line_1_20' title="bbox 66 1986 1350 2059; baseline -0.002 -14"><span class='ocrx_word' id='word_1_173' title='bbox 66 2002 135 2059; x_wconf 77' lang='grc' dir='ltr'>ιιι,</span> <span class='ocrx_word' id='word_1_174' title='bbox 157 1988 185 2045; x_wconf 89' lang='lat' dir='ltr'><strong>ia</strong></span> <span class='ocrx_word' id='word_1_175' title='bbox 200 1986 303 2044; x_wconf 84' lang='lat' dir='ltr'><strong>blissali</strong></span> <span class='ocrx_word' id='word_1_176' title='bbox 318 1986 438 2041; x_wconf 84' lang='lat' dir='ltr'><strong>Romano</strong></span> <span class='ocrx_word' id='word_1_177' title='bbox 453 1987 597 2057; x_wconf 83' lang='lat' dir='ltr'><strong>probatas:</strong></span> <span class='ocrx_word' id='word_1_178' title='bbox 621 1987 690 2043; x_wconf 90' lang='lat' dir='ltr'><strong>aliae</strong></span> <span class='ocrx_word' id='word_1_179' title='bbox 704 1989 813 2045; x_wconf 87' lang='lat' dir='ltr'><strong>summis</strong></span> <span class='ocrx_word' id='word_1_180' title='bbox 828 1995 928 2043; x_wconf 87' lang='lat' dir='ltr'><strong>tantum</strong></span> <span class='ocrx_word' id='word_1_181' title='bbox 945 1987 1136 2044; x_wconf 71' lang='lat' dir='ltr'><strong>festivitatibus</strong></span> <span class='ocrx_word' id='word_1_182' title='bbox 1150 1988 1255 2043; x_wconf 88' lang='lat' dir='ltr'><strong>Domini</strong></span> <span class='ocrx_word' id='word_1_183' title='bbox 1269 1989 1350 2044; x_wconf 86' lang='lat' dir='ltr'><strong>Prae-</strong></span> 
     </span>
     <span class='ocr_line' id='line_1_21' title="bbox 66 2069 1351 2145; baseline 0 -18"><span class='ocrx_word' id='word_1_184' title='bbox 66 2072 183 2131; x_wconf 80' lang='lat' dir='ltr'><strong>latioues</strong></span> <span class='ocrx_word' id='word_1_185' title='bbox 199 2073 375 2144; x_wconf 81' lang='lat' dir='ltr'><strong>reliquerunt,</strong></span> <span class='ocrx_word' id='word_1_186' title='bbox 389 2069 475 2127; x_wconf 91' lang='lat' dir='ltr'><strong>latino</strong></span> <span class='ocrx_word' id='word_1_187' title='bbox 490 2073 533 2129; x_wconf 84' lang='lat' dir='ltr'><strong>vel</strong></span> <span class='ocrx_word' id='word_1_188' title='bbox 548 2073 694 2129; x_wconf 85' lang='lat' dir='ltr'><strong>vernaculo</strong></span> <span class='ocrx_word' id='word_1_189' title='bbox 705 2089 833 2129; x_wconf 87' lang='lat' dir='ltr'><strong>sermone</strong></span> <span class='ocrx_word' id='word_1_190' title='bbox 844 2073 1000 2129; x_wconf 84' lang='lat' dir='ltr'><strong>cantandas.</strong></span> <span class='ocrx_word' id='word_1_191' title='bbox 1023 2074 1154 2129; x_wconf 87' lang='lat' dir='ltr'><strong>Lutberus</strong></span> <span class='ocrx_word' id='word_1_192' title='bbox 1165 2088 1216 2145; x_wconf 89' lang='lat' dir='ltr'><strong>pro</strong></span> <span class='ocrx_word' id='word_1_193' title='bbox 1228 2073 1351 2145; x_wconf 84' lang='lat' dir='ltr'><strong>exemplo</strong></span> 
     </span>
     <span class='ocr_line' id='line_1_22' title="bbox 65 2156 1352 2230; baseline 0.001 -18"><span class='ocrx_word' id='word_1_194' title='bbox 65 2158 162 2215; x_wconf 84' lang='lat' dir='ltr'><strong>merito</strong></span> <span class='ocrx_word' id='word_1_195' title='bbox 184 2156 621 2230; x_wconf 79' lang='lat' dir='ltr'><strong>exscripsitl’raelationcm</strong></span> <span class='ocrx_word' id='word_1_196' title='bbox 643 2174 856 2227; x_wconf 75' lang='lat' dir='ltr'><strong>communem</strong></span> <span class='ocrx_word' id='word_1_197' title='bbox 872 2157 939 2213; x_wconf 86' lang='lat' dir='ltr'><strong>Cod.</strong></span> <span class='ocrx_word' id='word_1_198' title='bbox 955 2157 1043 2217; x_wconf 88' lang='lat' dir='ltr'><strong>Lit.l.</strong></span> <span class='ocrx_word' id='word_1_199' title='bbox 1065 2176 1093 2230; x_wconf 89' lang='lat' dir='ltr'><strong>p.</strong></span> <span class='ocrx_word' id='word_1_200' title='bbox 1111 2160 1171 2212; x_wconf 86' lang='grc'>133.</span> <span class='ocrx_word' id='word_1_201' title='bbox 1200 2158 1352 2214; x_wconf 77' lang='lat' dir='ltr'><strong>Sanctus·</strong></span> 
     </span>
     <span class='ocr_line' id='line_1_23' title="bbox 67 2240 1351 2316; baseline -0.001 -19"><span class='ocrx_word' id='word_1_202' title='bbox 67 2242 171 2313; x_wconf 82' lang='lat' dir='ltr'><strong>pariter</strong></span> <span class='ocrx_word' id='word_1_203' title='bbox 184 2251 266 2316; x_wconf 81' lang='lat' dir='ltr'><strong>atque</strong></span> <span class='ocrx_word' id='word_1_204' title='bbox 280 2241 373 2311; x_wconf 70' lang='lat' dir='ltr'><strong>burlo,</strong></span> <span class='ocrx_word' id='word_1_205' title='bbox 388 2242 475 2297; x_wconf 85' lang='lat' dir='ltr'><strong>variet</strong></span> <span class='ocrx_word' id='word_1_206' title='bbox 489 2241 575 2299; x_wconf 89' lang='lat' dir='ltr'><strong>uotis:</strong></span> <span class='ocrx_word' id='word_1_207' title='bbox 592 2243 663 2314; x_wconf 85' lang='lat' dir='ltr'><strong>apud</strong></span> <span class='ocrx_word' id='word_1_208' title='bbox 676 2242 809 2299; x_wconf 87' lang='lat' dir='ltr'><strong>budeenm</strong></span> <span class='ocrx_word' id='word_1_209' title='bbox 825 2241 1001 2313; x_wconf 78' lang='lat' dir='ltr'><strong>distinguitur</strong></span> <span class='ocrx_word' id='word_1_210' title='bbox 1016 2244 1045 2300; x_wconf 89' lang='lat' dir='ltr'><strong>S.</strong></span> <span class='ocrx_word' id='word_1_211' title='bbox 1059 2260 1096 2298; x_wconf 90' lang='lat' dir='ltr'><strong>su</strong></span> <span class='ocrx_word' id='word_1_212' title='bbox 1106 2259 1131 2297; x_wconf 90' lang='grc' dir='ltr'><strong>ιιι</strong></span> <span class='ocrx_word' id='word_1_213' title='bbox 1140 2258 1231 2311; x_wconf 86' lang='lat' dir='ltr'><strong>mum,</strong></span> <span class='ocrx_word' id='word_1_214' title='bbox 1248 2257 1317 2296; x_wconf 81' lang='lat' dir='ltr'><strong>sem</strong></span> <span class='ocrx_word' id='word_1_215' title='bbox 1328 2240 1351 2296; x_wconf 93' lang='lat' dir='ltr'><strong>i-</strong></span> 
     </span>
     <span class='ocr_line' id='line_1_24' title="bbox 63 2326 1350 2402; baseline 0.001 -20"><span class='ocrx_word' id='word_1_216' title='bbox 63 2344 240 2396; x_wconf 86' lang='lat' dir='ltr'><strong>summum,</strong></span> <span class='ocrx_word' id='word_1_217' title='bbox 269 2326 471 2398; x_wconf 84' lang='lat' dir='ltr'><strong>secundum,</strong></span> <span class='ocrx_word' id='word_1_218' title='bbox 494 2328 663 2399; x_wconf 88' lang='lat' dir='ltr'><strong>tertium,</strong></span> <span class='ocrx_word' id='word_1_219' title='bbox 685 2328 851 2402; x_wconf 85' lang='lat' dir='ltr'><strong>paschale</strong></span> <span class='ocrx_word' id='word_1_220' title='bbox 873 2345 900 2388; x_wconf 84' lang='lat' dir='ltr'><strong>a.</strong></span> <span class='ocrx_word' id='word_1_221' title='bbox 922 2328 1182 2401; x_wconf 81' lang='lat' dir='ltr'><strong>apostolieum,</strong></span> <span class='ocrx_word' id='word_1_222' title='bbox 1204 2326 1350 2383; x_wconf 89' lang='lat' dir='ltr'><strong>domini-</strong></span> 
     </span>
     <span class='ocr_line' id='line_1_25' title="bbox 66 2412 329 2484; baseline 0 -17"><span class='ocrx_word' id='word_1_223' title='bbox 66 2412 329 2484; x_wconf 82' lang='lat' dir='ltr'><strong>cale,leriale.</strong></span> 
     </span>
    </p>

    <p class='ocr_par' dir='ltr' id='par_1_10' title="bbox 124 2494 1348 2572">
     <span class='ocr_line' id='line_1_26' title="bbox 124 2494 1348 2572; baseline -0.002 -18"><span class='ocrx_word' id='word_1_224' title='bbox 124 2494 157 2572; x_wconf 77' lang='grc'><strong>1)</strong></span> <span class='ocrx_word' id='word_1_225' title='bbox 176 2498 310 2555; x_wconf 77' lang='lat' dir='ltr'><strong>contem</strong></span> <span class='ocrx_word' id='word_1_226' title='bbox 330 2504 434 2569; x_wconf 84' lang='lat' dir='ltr'><strong>portem</strong></span> <span class='ocrx_word' id='word_1_227' title='bbox 454 2496 572 2554; x_wconf 81' lang='lat' dir='ltr'><strong>canonis</strong></span> <span class='ocrx_word' id='word_1_228' title='bbox 584 2496 695 2553; x_wconf 83' lang='lat' dir='ltr'><strong>Romani</strong></span> <span class='ocrx_word' id='word_1_229' title='bbox 709 2498 783 2553; x_wconf 85' lang='lat' dir='ltr'><strong>Tom.</strong></span> <span class='ocrx_word' id='word_1_230' title='bbox 800 2499 820 2553; x_wconf 93' lang='lat' dir='ltr'><strong>l.</strong></span> <span class='ocrx_word' id='word_1_231' title='bbox 847 2515 875 2569; x_wconf 85' lang='lat' dir='ltr'><strong>p,</strong></span> <span class='ocrx_word' id='word_1_232' title='bbox 888 2495 932 2553; x_wconf 85' lang='grc'><strong>86.</strong></span> <span class='ocrx_word' id='word_1_233' title='bbox 947 2494 992 2557; x_wconf 88' lang='grc'><strong>88.</strong></span> <span class='ocrx_word' id='word_1_234' title='bbox 1017 2497 1080 2570; x_wconf 85' lang='lat' dir='ltr'><strong>Cep.</strong></span> <span class='ocrx_word' id='word_1_235' title='bbox 1098 2497 1183 2553; x_wconf 83' lang='lat' dir='ltr'><strong>xxllt</strong></span> <span class='ocrx_word' id='word_1_236' title='bbox 1209 2497 1348 2570; x_wconf 82' lang='lat' dir='ltr'><strong>scriptam.</strong></span> 
     </span>
    </p>
   </div>
   <div class='ocr_carea' id='block_1_7' title="bbox 61 2579 1348 2743">
    <p class='ocr_par' dir='ltr' id='par_1_11' title="bbox 61 2579 1348 2743">
     <span class='ocr_line' id='line_1_27' title="bbox 61 2579 613 2655; baseline 0.011 -20"><span class='ocrx_word' id='word_1_237' title='bbox 61 2579 150 2638; x_wconf 84' lang='lat' dir='ltr'><strong>Vides</strong></span> <span class='ocrx_word' id='word_1_238' title='bbox 163 2583 278 2655; x_wconf 74' lang='lat' dir='ltr'><strong>paucula</strong></span> <span class='ocrx_word' id='word_1_239' title='bbox 291 2583 433 2640; x_wconf 82' lang='lat' dir='ltr'><strong>lutherum</strong></span> <span class='ocrx_word' id='word_1_240' title='bbox 450 2581 613 2642; x_wconf 84' lang='lat' dir='ltr'><strong>immutasse.</strong></span> 
     </span>
     <span class='ocr_line' id='line_1_28' title="bbox 126 2662 1348 2743; baseline -0.001 -22"><span class='ocrx_word' id='word_1_241' title='bbox 126 2666 158 2739; x_wconf 77' lang='grc'><strong>3)</strong></span> <span class='ocrx_word' id='word_1_242' title='bbox 180 2666 345 2726; x_wconf 65' lang='lat' dir='ltr'><strong>blavello</strong></span> <span class='ocrx_word' id='word_1_243' title='bbox 361 2665 443 2743; x_wconf 82' lang='lat' dir='ltr'><strong>(cod.</strong></span> <span class='ocrx_word' id='word_1_244' title='bbox 458 2667 508 2724; x_wconf 84' lang='lat' dir='ltr'><strong>bit.</strong></span> <span class='ocrx_word' id='word_1_245' title='bbox 523 2665 547 2722; x_wconf 93' lang='lat'><strong>1.</strong></span> <span class='ocrx_word' id='word_1_246' title='bbox 564 2683 590 2738; x_wconf 82' lang='lat' dir='ltr'><strong>p.</strong></span> <span class='ocrx_word' id='word_1_247' title='bbox 604 2664 648 2720; x_wconf 82' lang='lat'><strong>86.</strong></span> <span class='ocrx_word' id='word_1_248' title='bbox 662 2662 708 2724; x_wconf 86' lang='lat'><strong>88.</strong></span> <span class='ocrx_word' id='word_1_249' title='bbox 723 2663 787 2739; x_wconf 80' lang='lat'><strong>139)</strong></span> <span class='ocrx_word' id='word_1_250' title='bbox 800 2664 871 2721; x_wconf 86' lang='lat' dir='ltr'><strong>diue</strong></span> <span class='ocrx_word' id='word_1_251' title='bbox 885 2665 1002 2721; x_wconf 80' lang='lat' dir='ltr'><strong>luthero</strong></span> <span class='ocrx_word' id='word_1_252' title='bbox 1014 2678 1068 2719; x_wconf 90' lang='lat' dir='ltr'><strong>non</strong></span> <span class='ocrx_word' id='word_1_253' title='bbox 1081 2664 1168 2721; x_wconf 87' lang='lat' dir='ltr'><strong>solum</strong></span> <span class='ocrx_word' id='word_1_254' title='bbox 1179 2672 1223 2720; x_wconf 89' lang='lat' dir='ltr'><strong>est</strong></span> <span class='ocrx_word' id='word_1_255' title='bbox 1233 2666 1348 2721; x_wconf 87' lang='lat' dir='ltr'><strong>tolerata</strong></span> 
     </span>
    </p>
   </div>
   <div class='ocr_carea' id='block_1_8' title="bbox 60 2747 1348 3676">
    <p class='ocr_par' dir='ltr' id='par_1_12' title="bbox 60 2747 1348 3676">
     <span class='ocr_line' id='line_1_29' title="bbox 62 2747 1348 2826; baseline 0 -21"><span class='ocrx_word' id='word_1_256' title='bbox 62 2748 118 2805; x_wconf 83' lang='lat' dir='ltr'><strong>sed</strong></span> <span class='ocrx_word' id='word_1_257' title='bbox 137 2748 250 2810; x_wconf 71' lang='lat' dir='ltr'><strong>(lolem</strong></span> <span class='ocrx_word' id='word_1_258' title='bbox 268 2770 299 2811; x_wconf 84' lang='lat' dir='ltr'><strong>ac</strong></span> <span class='ocrx_word' id='word_1_259' title='bbox 320 2753 435 2826; x_wconf 85' lang='lat' dir='ltr'><strong>probata</strong></span> <span class='ocrx_word' id='word_1_260' title='bbox 449 2752 515 2820; x_wconf 80' lang='lat' dir='ltr'><strong>llll,</strong></span> <span class='ocrx_word' id='word_1_261' title='bbox 532 2750 599 2806; x_wconf 88' lang='grc'>1766</span> <span class='ocrx_word' id='word_1_262' title='bbox 621 2750 695 2821; x_wconf 81' lang='lat' dir='ltr'><strong>„lias</strong></span> <span class='ocrx_word' id='word_1_263' title='bbox 709 2749 837 2806; x_wconf 87' lang='lat' dir='ltr'><strong>bedentet</strong></span> <span class='ocrx_word' id='word_1_264' title='bbox 852 2750 919 2805; x_wconf 89' lang='lat' dir='ltr'><strong>auch</strong></span> <span class='ocrx_word' id='word_1_265' title='bbox 934 2748 984 2803; x_wconf 88' lang='lat' dir='ltr'><strong>der</strong></span> <span class='ocrx_word' id='word_1_266' title='bbox 998 2747 1135 2818; x_wconf 86' lang='lat' dir='ltr'><strong>Priester‚</strong></span> <span class='ocrx_word' id='word_1_267' title='bbox 1156 2766 1236 2805; x_wconf 87' lang='lat' dir='ltr'><strong>wenn</strong></span> <span class='ocrx_word' id='word_1_268' title='bbox 1252 2767 1282 2805; x_wconf 91' lang='lat' dir='ltr'><strong>er</strong></span> <span class='ocrx_word' id='word_1_269' title='bbox 1300 2750 1348 2806; x_wconf 80' lang='lat' dir='ltr'><strong>alas</strong></span> 
     </span>
     <span class='ocr_line' id='line_1_30' title="bbox 62 2832 1348 2911; baseline 0.001 -20"><span class='ocrx_word' id='word_1_270' title='bbox 62 2835 227 2893; x_wconf 83' lang='lat' dir='ltr'><strong>Sacramert</strong></span> <span class='ocrx_word' id='word_1_271' title='bbox 244 2856 268 2895; x_wconf 91' lang='lat' dir='ltr'><strong>u.</strong></span> <span class='ocrx_word' id='word_1_272' title='bbox 283 2838 369 2895; x_wconf 85' lang='lat' dir='ltr'><strong>llalcb</strong></span> <span class='ocrx_word' id='word_1_273' title='bbox 391 2836 553 2911; x_wconf 83' lang='lat' dir='ltr'><strong>emporlrebt</strong></span> <span class='ocrx_word' id='word_1_274' title='bbox 567 2853 591 2889; x_wconf 91' lang='lat' dir='ltr'><strong>u.</strong></span> <span class='ocrx_word' id='word_1_275' title='bbox 609 2835 677 2890; x_wconf 83' lang='lat' dir='ltr'><strong>darn</strong></span> <span class='ocrx_word' id='word_1_276' title='bbox 694 2834 741 2891; x_wconf 90' lang='lat' dir='ltr'><strong>mit</strong></span> <span class='ocrx_word' id='word_1_277' title='bbox 759 2835 882 2891; x_wconf 82' lang='lat' dir='ltr'><strong>Glocken</strong></span> <span class='ocrx_word' id='word_1_278' title='bbox 895 2835 1018 2906; x_wconf 78' lang='lat' dir='ltr'><strong>geliutet</strong></span> <span class='ocrx_word' id='word_1_279' title='bbox 1032 2832 1120 2903; x_wconf 79' lang='lat' dir='ltr'><strong>wind,</strong></span> <span class='ocrx_word' id='word_1_280' title='bbox 1141 2834 1259 2893; x_wconf 82' lang='lat' dir='ltr'><strong>welcbas</strong></span> <span class='ocrx_word' id='word_1_281' title='bbox 1272 2835 1348 2892; x_wconf 80' lang='lat' dir='ltr'><strong>nites</strong></span> 
     </span>
     <span class='ocr_line' id='line_1_31' title="bbox 61 2918 1348 2995; baseline 0.001 -19"><span class='ocrx_word' id='word_1_282' title='bbox 61 2921 140 2977; x_wconf 87' lang='lat' dir='ltr'><strong>uicbt</strong></span> <span class='ocrx_word' id='word_1_283' title='bbox 153 2921 250 2981; x_wconf 78' lang='lat' dir='ltr'><strong>barser</strong></span> <span class='ocrx_word' id='word_1_284' title='bbox 266 2924 312 2995; x_wconf 67' lang='lat' dir='ltr'><strong>ist,</strong></span> <span class='ocrx_word' id='word_1_285' title='bbox 328 2922 398 2979; x_wconf 87' lang='lat' dir='ltr'><strong>deun</strong></span> <span class='ocrx_word' id='word_1_286' title='bbox 414 2923 477 2979; x_wconf 88' lang='lat' dir='ltr'><strong>dass</strong></span> <span class='ocrx_word' id='word_1_287' title='bbox 491 2923 544 2978; x_wconf 87' lang='lat' dir='ltr'><strong>wir</strong></span> <span class='ocrx_word' id='word_1_288' title='bbox 558 2920 640 2977; x_wconf 80' lang='lat' dir='ltr'><strong>dannt</strong></span> <span class='ocrx_word' id='word_1_289' title='bbox 654 2918 703 2975; x_wconf 91' lang='lat' dir='ltr'><strong>der</strong></span> <span class='ocrx_word' id='word_1_290' title='bbox 715 2920 816 2977; x_wconf 89' lang='lat' dir='ltr'><strong>Worte</strong></span> <span class='ocrx_word' id='word_1_291' title='bbox 827 2920 926 2976; x_wconf 86' lang='lat' dir='ltr'><strong>Cbristi</strong></span> <span class='ocrx_word' id='word_1_292' title='bbox 939 2919 1060 2975; x_wconf 89' lang='lat' dir='ltr'><strong>eriunert</strong></span> <span class='ocrx_word' id='word_1_293' title='bbox 1070 2921 1199 2987; x_wconf 79' lang='lat' dir='ltr'><strong>werden3</strong></span> <span class='ocrx_word' id='word_1_294' title='bbox 1215 2921 1255 2976; x_wconf 85' lang='lat' dir='ltr'><strong>als</strong></span> <span class='ocrx_word' id='word_1_295' title='bbox 1266 2922 1348 2978; x_wconf 87' lang='lat' dir='ltr'><strong>sollte</strong></span> 
     </span>
     <span class='ocr_line' id='line_1_32' title="bbox 61 3004 1348 3079; baseline 0 -18"><span class='ocrx_word' id='word_1_296' title='bbox 61 3004 113 3061; x_wconf 78' lang='lat' dir='ltr'><strong>‹ler</strong></span> <span class='ocrx_word' id='word_1_297' title='bbox 128 3006 249 3065; x_wconf 85' lang='lat' dir='ltr'><strong>Priester</strong></span> <span class='ocrx_word' id='word_1_298' title='bbox 263 3026 288 3066; x_wconf 89' lang='lat' dir='ltr'><strong>u.</strong></span> <span class='ocrx_word' id='word_1_299' title='bbox 304 3008 441 3066; x_wconf 85' lang='lat' dir='ltr'><strong>Glbclmar</strong></span> <span class='ocrx_word' id='word_1_300' title='bbox 455 3024 540 3079; x_wconf 86' lang='lat' dir='ltr'><strong>sagen</strong></span> <span class='ocrx_word' id='word_1_301' title='bbox 555 3025 588 3063; x_wconf 85' lang='grc' dir='ltr'><strong>ιιι</strong></span> <span class='ocrx_word' id='word_1_302' title='bbox 602 3023 652 3062; x_wconf 87' lang='lat' dir='ltr'><strong>uns</strong></span> <span class='ocrx_word' id='word_1_303' title='bbox 667 3005 754 3062; x_wconf 89' lang='lat' dir='ltr'><strong>allon:</strong></span> <span class='ocrx_word' id='word_1_304' title='bbox 778 3005 863 3061; x_wconf 85' lang='lat' dir='ltr'><strong>libret</strong></span> <span class='ocrx_word' id='word_1_305' title='bbox 877 3022 911 3060; x_wconf 83' lang='lat' dir='ltr'><strong>zu</strong></span> <span class='ocrx_word' id='word_1_306' title='bbox 926 3004 970 3061; x_wconf 91' lang='lat' dir='ltr'><strong>ibr</strong></span> <span class='ocrx_word' id='word_1_307' title='bbox 985 3005 1122 3075; x_wconf 82' lang='lat' dir='ltr'><strong>Christen,</strong></span> <span class='ocrx_word' id='word_1_308' title='bbox 1141 3007 1218 3062; x_wconf 84' lang='lat' dir='ltr'><strong>sehet</strong></span> <span class='ocrx_word' id='word_1_309' title='bbox 1232 3008 1295 3076; x_wconf 87' lang='lat' dir='ltr'><strong>ber,</strong></span> <span class='ocrx_word' id='word_1_310' title='bbox 1312 3005 1348 3061; x_wconf 88' lang='lat' dir='ltr'><strong>da</strong></span> 
     </span>
     <span class='ocr_line' id='line_1_33' title="bbox 60 3088 1347 3164; baseline 0 -18"><span class='ocrx_word' id='word_1_311' title='bbox 60 3092 172 3148; x_wconf 84' lang='lat' dir='ltr'><strong>reburet</strong></span> <span class='ocrx_word' id='word_1_312' title='bbox 184 3092 231 3149; x_wconf 88' lang='lat' dir='ltr'><strong>hin</strong></span> <span class='ocrx_word' id='word_1_313' title='bbox 245 3111 273 3151; x_wconf 91' lang='grc' dir='ltr'><strong>ιι.</strong></span> <span class='ocrx_word' id='word_1_314' title='bbox 289 3100 381 3164; x_wconf 83' lang='lat' dir='ltr'><strong>esset,</strong></span> <span class='ocrx_word' id='word_1_315' title='bbox 401 3094 509 3149; x_wconf 84' lang='lat' dir='ltr'><strong>uelrmet</strong></span> <span class='ocrx_word' id='word_1_316' title='bbox 522 3092 567 3149; x_wconf 89' lang='lat' dir='ltr'><strong>bin</strong></span> <span class='ocrx_word' id='word_1_317' title='bbox 582 3110 609 3148; x_wconf 91' lang='lat' dir='ltr'><strong>u.</strong></span> <span class='ocrx_word' id='word_1_318' title='bbox 624 3091 741 3159; x_wconf 76' lang='lat' dir='ltr'><strong>triniaci,</strong></span> <span class='ocrx_word' id='word_1_319' title='bbox 762 3088 811 3145; x_wconf 85' lang='lat' dir='ltr'><strong>das</strong></span> <span class='ocrx_word' id='word_1_320' title='bbox 826 3091 861 3146; x_wconf 88' lang='lat' dir='ltr'><strong>ist</strong></span> <span class='ocrx_word' id='word_1_321' title='bbox 875 3090 925 3146; x_wconf 89' lang='lat' dir='ltr'><strong>der</strong></span> <span class='ocrx_word' id='word_1_322' title='bbox 938 3090 1000 3146; x_wconf 87' lang='lat' dir='ltr'><strong>Leib</strong></span> <span class='ocrx_word' id='word_1_323' title='bbox 1017 3107 1043 3145; x_wconf 87' lang='lat' dir='ltr'><strong>u.</strong></span> <span class='ocrx_word' id='word_1_324' title='bbox 1058 3090 1119 3147; x_wconf 86' lang='lat' dir='ltr'><strong>Blut</strong></span> <span class='ocrx_word' id='word_1_325' title='bbox 1134 3092 1243 3151; x_wconf 82' lang='lat' dir='ltr'><strong>Christi.</strong></span> <span class='ocrx_word' id='word_1_326' title='bbox 1278 3091 1347 3147; x_wconf 76' lang='lat' dir='ltr'><strong>Also</strong></span> 
     </span>
     <span class='ocr_line' id='line_1_34' title="bbox 61 3174 1347 3247; baseline -0.003 -14"><span class='ocrx_word' id='word_1_327' title='bbox 61 3174 124 3233; x_wconf 75' lang='lat' dir='ltr'><strong>uass</strong></span> <span class='ocrx_word' id='word_1_328' title='bbox 144 3176 202 3235; x_wconf 79' lang='lat' dir='ltr'><strong>(lert</strong></span> <span class='ocrx_word' id='word_1_329' title='bbox 215 3179 296 3236; x_wconf 87' lang='lat' dir='ltr'><strong>Laieu</strong></span> <span class='ocrx_word' id='word_1_330' title='bbox 310 3179 357 3235; x_wconf 90' lang='lat' dir='ltr'><strong>mit</strong></span> <span class='ocrx_word' id='word_1_331' title='bbox 371 3178 431 3234; x_wconf 90' lang='lat' dir='ltr'><strong>dem</strong></span> <span class='ocrx_word' id='word_1_332' title='bbox 446 3178 587 3234; x_wconf 79' lang='lat' dir='ltr'><strong>Anibebcn</strong></span> <span class='ocrx_word' id='word_1_333' title='bbox 603 3175 651 3232; x_wconf 87' lang='lat' dir='ltr'><strong>des</strong></span> <span class='ocrx_word' id='word_1_334' title='bbox 667 3177 786 3232; x_wconf 84' lang='lat' dir='ltr'><strong>Priester</strong></span> <span class='ocrx_word' id='word_1_335' title='bbox 800 3193 825 3231; x_wconf 95' lang='lat' dir='ltr'><strong>u.</strong></span> <span class='ocrx_word' id='word_1_336' title='bbox 841 3175 982 3232; x_wconf 80' lang='lat' dir='ltr'><strong>Glucktsin</strong></span> <span class='ocrx_word' id='word_1_337' title='bbox 999 3176 1089 3247; x_wconf 84' lang='lat' dir='ltr'><strong>gleiclr</strong></span> <span class='ocrx_word' id='word_1_338' title='bbox 1102 3193 1135 3233; x_wconf 90' lang='lat' dir='ltr'><strong>so</strong></span> <span class='ocrx_word' id='word_1_339' title='bbox 1150 3177 1203 3233; x_wconf 87' lang='lat' dir='ltr'><strong>vicl</strong></span> <span class='ocrx_word' id='word_1_340' title='bbox 1220 3176 1347 3232; x_wconf 87' lang='lat' dir='ltr'><strong>bedentet</strong></span> 
     </span>
     <span class='ocr_line' id='line_1_35' title="bbox 61 3260 1343 3333; baseline -0.003 -16"><span class='ocrx_word' id='word_1_341' title='bbox 61 3261 172 3333; x_wconf 74' lang='lat' dir='ltr'><strong>werde,</strong></span> <span class='ocrx_word' id='word_1_342' title='bbox 188 3264 230 3320; x_wconf 84' lang='lat' dir='ltr'><strong>als</strong></span> <span class='ocrx_word' id='word_1_343' title='bbox 244 3265 341 3322; x_wconf 79' lang='lat' dir='ltr'><strong>hortea</strong></span> <span class='ocrx_word' id='word_1_344' title='bbox 355 3263 397 3319; x_wconf 89' lang='lat' dir='ltr'><strong>sie</strong></span> <span class='ocrx_word' id='word_1_345' title='bbox 411 3265 509 3318; x_wconf 90' lang='lat' dir='ltr'><strong>Worte</strong></span> <span class='ocrx_word' id='word_1_346' title='bbox 525 3261 624 3320; x_wconf 85' lang='lat' dir='ltr'><strong>Christi</strong></span> <span class='ocrx_word' id='word_1_347' title='bbox 639 3262 695 3318; x_wconf 88' lang='lat' dir='ltr'><strong>laut</strong></span> <span class='ocrx_word' id='word_1_348' title='bbox 708 3279 733 3316; x_wconf 89' lang='lat' dir='ltr'><strong>u.</strong></span> <span class='ocrx_word' id='word_1_349' title='bbox 750 3261 821 3330; x_wconf 82' lang='lat' dir='ltr'><strong>liar,</strong></span> <span class='ocrx_word' id='word_1_350' title='bbox 837 3260 881 3317; x_wconf 91' lang='lat' dir='ltr'><strong>die</strong></span> <span class='ocrx_word' id='word_1_351' title='bbox 896 3260 946 3318; x_wconf 83' lang='lat' dir='ltr'><strong>der</strong></span> <span class='ocrx_word' id='word_1_352' title='bbox 959 3260 1077 3318; x_wconf 86' lang='lat' dir='ltr'><strong>Priester</strong></span> <span class='ocrx_word' id='word_1_353' title='bbox 1091 3262 1216 3318; x_wconf 89' lang='lat' dir='ltr'><strong>beimlicb</strong></span> <span class='ocrx_word' id='word_1_354' title='bbox 1230 3260 1343 3330; x_wconf 79' lang='lat' dir='ltr'><strong>gelasse</strong></span> 
     </span>
     <span class='ocr_line' id='line_1_36' title="bbox 60 3342 1342 3419; baseline -0.004 -16"><span class='ocrx_word' id='word_1_355' title='bbox 60 3346 134 3407; x_wconf 83' lang='lat' dir='ltr'><strong>bal.“</strong></span> <span class='ocrx_word' id='word_1_356' title='bbox 158 3348 258 3407; x_wconf 82' lang='lat' dir='ltr'><strong>Postea</strong></span> <span class='ocrx_word' id='word_1_357' title='bbox 269 3348 419 3407; x_wconf 84' lang='lat' dir='ltr'><strong>numeravit</strong></span> <span class='ocrx_word' id='word_1_358' title='bbox 428 3348 613 3406; x_wconf 84' lang='lat' dir='ltr'><strong>Elevationam</strong></span> <span class='ocrx_word' id='word_1_359' title='bbox 625 3347 695 3403; x_wconf 90' lang='lat' dir='ltr'><strong>inter</strong></span> <span class='ocrx_word' id='word_1_360' title='bbox 706 3346 873 3419; x_wconf 64' lang='lat' dir='ltr'><strong>ildiapborm</strong></span> <span class='ocrx_word' id='word_1_361' title='bbox 887 3363 955 3419; x_wconf 89' lang='lat' dir='ltr'><strong>quae</strong></span> <span class='ocrx_word' id='word_1_362' title='bbox 966 3354 1077 3419; x_wconf 77' lang='lat' dir='ltr'><strong>possunt</strong></span> <span class='ocrx_word' id='word_1_363' title='bbox 1087 3348 1191 3404; x_wconf 84' lang='lat' dir='ltr'><strong>servari</strong></span> <span class='ocrx_word' id='word_1_364' title='bbox 1203 3346 1247 3401; x_wconf 83' lang='lat' dir='ltr'><strong>vel</strong></span> <span class='ocrx_word' id='word_1_365' title='bbox 1257 3342 1342 3401; x_wconf 84' lang='lat' dir='ltr'><strong>omitti</strong></span> 
     </span>
     <span class='ocr_line' id='line_1_37' title="bbox 61 3426 1341 3505; baseline -0.005 -18"><span class='ocrx_word' id='word_1_366' title='bbox 61 3430 94 3487; x_wconf 82' lang='lat' dir='ltr'><strong>ab</strong></span> <span class='ocrx_word' id='word_1_367' title='bbox 106 3433 221 3491; x_wconf 85' lang='lat' dir='ltr'><strong>lubitum</strong></span> <span class='ocrx_word' id='word_1_368' title='bbox 236 3436 428 3492; x_wconf 86' lang='lat' dir='ltr'><strong>ecclesiarum:</strong></span> <span class='ocrx_word' id='word_1_369' title='bbox 443 3434 503 3505; x_wconf 86' lang='lat' dir='ltr'><strong>ipsa</strong></span> <span class='ocrx_word' id='word_1_370' title='bbox 515 3433 544 3489; x_wconf 87' lang='lat' dir='ltr'><strong>in</strong></span> <span class='ocrx_word' id='word_1_371' title='bbox 559 3432 674 3490; x_wconf 88' lang='lat' dir='ltr'><strong>ecclesia</strong></span> <span class='ocrx_word' id='word_1_372' title='bbox 686 3431 951 3505; x_wconf 62' lang='lat' dir='ltr'><strong>lbtcbergensi,eam</strong></span> <span class='ocrx_word' id='word_1_373' title='bbox 966 3432 1118 3504; x_wconf 83' lang='lat' dir='ltr'><strong>abrogavit.</strong></span> <span class='ocrx_word' id='word_1_374' title='bbox 1147 3426 1341 3487; x_wconf 86' lang='lat' dir='ltr'><strong>Permansitri-</strong></span> 
     </span>
     <span class='ocr_line' id='line_1_38' title="bbox 61 3512 1340 3591; baseline -0.007 -16"><span class='ocrx_word' id='word_1_375' title='bbox 61 3524 102 3575; x_wconf 83' lang='lat' dir='ltr'><strong>trs</strong></span> <span class='ocrx_word' id='word_1_376' title='bbox 115 3520 231 3577; x_wconf 81' lang='lat' dir='ltr'><strong>saeculo</strong></span> <span class='ocrx_word' id='word_1_377' title='bbox 247 3520 447 3578; x_wconf 86' lang='lat' dir='ltr'><strong>sextodecimo</strong></span> <span class='ocrx_word' id='word_1_378' title='bbox 462 3526 489 3575; x_wconf 90' lang='lat' dir='ltr'><strong>et</strong></span> <span class='ocrx_word' id='word_1_379' title='bbox 503 3519 619 3591; x_wconf 79' lang='lat' dir='ltr'><strong>septimo</strong></span> <span class='ocrx_word' id='word_1_380' title='bbox 634 3518 705 3589; x_wconf 86' lang='lat' dir='ltr'><strong>apud</strong></span> <span class='ocrx_word' id='word_1_381' title='bbox 718 3517 858 3589; x_wconf 83' lang='lat' dir='ltr'><strong>plurimos,</strong></span> <span class='ocrx_word' id='word_1_382' title='bbox 874 3525 1021 3589; x_wconf 83' lang='lat' dir='ltr'><strong>permanet,</strong></span> <span class='ocrx_word' id='word_1_383' title='bbox 1035 3518 1085 3573; x_wconf 85' lang='lat' dir='ltr'><strong>nisi</strong></span> <span class='ocrx_word' id='word_1_384' title='bbox 1101 3517 1191 3585; x_wconf 78' lang='lat' dir='ltr'><strong>fallor,</strong></span> <span class='ocrx_word' id='word_1_385' title='bbox 1206 3513 1234 3568; x_wconf 90' lang='lat' dir='ltr'><strong>in</strong></span> <span class='ocrx_word' id='word_1_386' title='bbox 1245 3512 1340 3568; x_wconf 84' lang='lat' dir='ltr'><strong>Succia</strong></span> 
     </span>
     <span class='ocr_line' id='line_1_39' title="bbox 62 3596 1341 3676; baseline -0.005 -19"><span class='ocrx_word' id='word_1_387' title='bbox 62 3606 256 3676; x_wconf 64' lang='lat' dir='ltr'><strong>emboliaria.</strong></span> <span class='ocrx_word' id='word_1_388' title='bbox 287 3605 532 3662; x_wconf 84' lang='lat' dir='ltr'><strong>Tintinnabulorum</strong></span> <span class='ocrx_word' id='word_1_389' title='bbox 556 3621 617 3661; x_wconf 84' lang='lat' dir='ltr'><strong>usus</strong></span> <span class='ocrx_word' id='word_1_390' title='bbox 639 3602 751 3660; x_wconf 81' lang='lat' dir='ltr'><strong>saeculo</strong></span> <span class='ocrx_word' id='word_1_391' title='bbox 773 3603 878 3659; x_wconf 88' lang='lat' dir='ltr'><strong>decimo</strong></span> <span class='ocrx_word' id='word_1_392' title='bbox 901 3611 999 3659; x_wconf 90' lang='lat' dir='ltr'><strong>octava</strong></span> <span class='ocrx_word' id='word_1_393' title='bbox 1021 3604 1047 3658; x_wconf 90' lang='lat' dir='ltr'><strong>iu</strong></span> <span class='ocrx_word' id='word_1_394' title='bbox 1068 3600 1184 3657; x_wconf 74' lang='lat' dir='ltr'><strong>Souania</strong></span> <span class='ocrx_word' id='word_1_395' title='bbox 1199 3596 1341 3654; x_wconf 84' lang='lat' dir='ltr'><strong>electorali</strong></span> 
     </span>
    </p>
   </div>
   <div class='ocr_carea' id='block_1_9' title="bbox 57 3682 1451 4274">
    <p class='ocr_par' dir='ltr' id='par_1_13' title="bbox 57 3682 1451 4274">
     <span class='ocr_line' id='line_1_40' title="bbox 61 3682 1451 3762; baseline -0.011 -14"><span class='ocrx_word' id='word_1_396' title='bbox 61 3686 182 3760; x_wconf 68' lang='lat' dir='ltr'><strong>rlgabm,</strong></span> <span class='ocrx_word' id='word_1_397' title='bbox 197 3690 400 3762; x_wconf 85' lang='lat' dir='ltr'><strong>indignabundo</strong></span> <span class='ocrx_word' id='word_1_398' title='bbox 416 3690 538 3747; x_wconf 86' lang='lat' dir='ltr'><strong>Gerbero</strong></span> <span class='ocrx_word' id='word_1_399' title='bbox 552 3689 571 3745; x_wconf 92' lang='lat' dir='ltr'><strong>l.</strong></span> <span class='ocrx_word' id='word_1_400' title='bbox 587 3706 612 3749; x_wconf 87' lang='lat' dir='ltr'><strong>c.</strong></span> <span class='ocrx_word' id='word_1_401' title='bbox 628 3706 654 3761; x_wconf 83' lang='lat' dir='ltr'><strong>p.</strong></span> <span class='ocrx_word' id='word_1_402' title='bbox 668 3688 721 3744; x_wconf 76' lang='grc'><strong>166</strong></span> <span class='ocrx_word' id='word_1_403' title='bbox 736 3689 812 3759; x_wconf 78' lang='lat' dir='ltr'><strong>„lisy</strong></span> <span class='ocrx_word' id='word_1_404' title='bbox 826 3689 874 3743; x_wconf 88' lang='lat' dir='ltr'><strong>der</strong></span> <span class='ocrx_word' id='word_1_405' title='bbox 891 3687 1086 3744; x_wconf 80' lang='lat' dir='ltr'><strong>consecration</strong></span> <span class='ocrx_word' id='word_1_406' title='bbox 1102 3685 1171 3742; x_wconf 90' lang='lat' dir='ltr'><strong>oder</strong></span> <span class='ocrx_word' id='word_1_407' title='bbox 1181 3682 1342 3751; x_wconf 77' lang='lat' dir='ltr'><strong>Absingung</strong></span> <span class='ocrx_word' id='word_1_408' title='bbox 1446 3688 1451 3699; x_wconf 92' lang='grc'><em>·</em></span> 
     </span>
     <span class='ocr_line' id='line_1_41' title="bbox 61 3766 1341 3845; baseline -0.008 -16"><span class='ocrx_word' id='word_1_409' title='bbox 61 3771 108 3831; x_wconf 83' lang='lat' dir='ltr'><strong>der</strong></span> <span class='ocrx_word' id='word_1_410' title='bbox 122 3774 226 3832; x_wconf 87' lang='lat' dir='ltr'><strong>Worte</strong></span> <span class='ocrx_word' id='word_1_411' title='bbox 248 3777 298 3833; x_wconf 86' lang='lat' dir='ltr'><strong>der</strong></span> <span class='ocrx_word' id='word_1_412' title='bbox 310 3775 477 3845; x_wconf 84' lang='lat' dir='ltr'><strong>Einsetrung</strong></span> <span class='ocrx_word' id='word_1_413' title='bbox 496 3774 566 3831; x_wconf 88' lang='lat' dir='ltr'><strong>wird</strong></span> <span class='ocrx_word' id='word_1_414' title='bbox 594 3775 664 3830; x_wconf 88' lang='lat' dir='ltr'><strong>noch</strong></span> <span class='ocrx_word' id='word_1_415' title='bbox 678 3791 713 3829; x_wconf 90' lang='lat' dir='ltr'><strong>an</strong></span> <span class='ocrx_word' id='word_1_416' title='bbox 729 3774 817 3830; x_wconf 86' lang='lat' dir='ltr'><strong>vielen</strong></span> <span class='ocrx_word' id='word_1_417' title='bbox 834 3774 918 3830; x_wconf 87' lang='lat' dir='ltr'><strong>Orteu</strong></span> <span class='ocrx_word' id='word_1_418' title='bbox 934 3774 962 3829; x_wconf 89' lang='lat' dir='ltr'><strong>in</strong></span> <span class='ocrx_word' id='word_1_419' title='bbox 977 3773 1026 3828; x_wconf 87' lang='lat' dir='ltr'><strong>der</strong></span> <span class='ocrx_word' id='word_1_420' title='bbox 1039 3769 1217 3827; x_wconf 82' lang='lat' dir='ltr'><strong>Sticbsiscbcn</strong></span> <span class='ocrx_word' id='word_1_421' title='bbox 1231 3766 1341 3835; x_wconf 87' lang='lat' dir='ltr'><strong>llircbe,</strong></span> 
     </span>
     <span class='ocr_line' id='line_1_42' title="bbox 60 3851 1340 3932; baseline -0.007 -17"><span class='ocrx_word' id='word_1_422' title='bbox 60 3862 148 3917; x_wconf 72' lang='lat' dir='ltr'><strong>umal</strong></span> <span class='ocrx_word' id='word_1_423' title='bbox 169 3860 199 3918; x_wconf 87' lang='lat' dir='ltr'><strong>iu</strong></span> <span class='ocrx_word' id='word_1_424' title='bbox 217 3878 333 3932; x_wconf 78' lang='lat' dir='ltr'><strong>grosseti</strong></span> <span class='ocrx_word' id='word_1_425' title='bbox 347 3861 475 3929; x_wconf 82' lang='lat' dir='ltr'><strong>Staidten‚</strong></span> <span class='ocrx_word' id='word_1_426' title='bbox 498 3859 629 3929; x_wconf 74' lang='lat' dir='ltr'><strong>arveymal</strong></span> <span class='ocrx_word' id='word_1_427' title='bbox 650 3859 696 3915; x_wconf 89' lang='lat' dir='ltr'><strong>mit</strong></span> <span class='ocrx_word' id='word_1_428' title='bbox 717 3860 804 3916; x_wconf 86' lang='lat' dir='ltr'><strong>ciuem</strong></span> <span class='ocrx_word' id='word_1_429' title='bbox 818 3858 960 3915; x_wconf 80' lang='lat' dir='ltr'><strong>Glbclrleln</strong></span> <span class='ocrx_word' id='word_1_430' title='bbox 974 3854 1097 3912; x_wconf 87' lang='lat' dir='ltr'><strong>aiemlicb</strong></span> <span class='ocrx_word' id='word_1_431' title='bbox 1114 3852 1209 3909; x_wconf 81' lang='lat' dir='ltr'><strong>starclt</strong></span> <span class='ocrx_word' id='word_1_432' title='bbox 1224 3851 1340 3922; x_wconf 85' lang='lat' dir='ltr'><strong>geklen-</strong></span> 
     </span>
     <span class='ocr_line' id='line_1_43' title="bbox 59 3937 1341 4017; baseline -0.006 -16"><span class='ocrx_word' id='word_1_433' title='bbox 59 3948 135 4017; x_wconf 73' lang='lat' dir='ltr'><strong>golt,</strong></span> <span class='ocrx_word' id='word_1_434' title='bbox 158 3947 257 4004; x_wconf 89' lang='lat' dir='ltr'><strong>eiumrl</strong></span> <span class='ocrx_word' id='word_1_435' title='bbox 278 3947 332 4017; x_wconf 77' lang='lat' dir='ltr'><strong>bag</strong></span> <span class='ocrx_word' id='word_1_436' title='bbox 354 3946 403 4004; x_wconf 87' lang='lat' dir='ltr'><strong>der</strong></span> <span class='ocrx_word' id='word_1_437' title='bbox 421 3947 552 4017; x_wconf 87' lang='lat' dir='ltr'><strong>Segnung</strong></span> <span class='ocrx_word' id='word_1_438' title='bbox 567 3945 617 4001; x_wconf 92' lang='lat' dir='ltr'><strong>des</strong></span> <span class='ocrx_word' id='word_1_439' title='bbox 632 3944 752 4014; x_wconf 85' lang='lat' dir='ltr'><strong>Brodes‚</strong></span> <span class='ocrx_word' id='word_1_440' title='bbox 775 3962 833 4001; x_wconf 84' lang='lat' dir='ltr'><strong>uum</strong></span> <span class='ocrx_word' id='word_1_441' title='bbox 848 3940 1002 3998; x_wconf 84' lang='lat' dir='ltr'><strong>andernmal</strong></span> <span class='ocrx_word' id='word_1_442' title='bbox 1016 3941 1070 4007; x_wconf 67' lang='lat' dir='ltr'><strong>bey</strong></span> <span class='ocrx_word' id='word_1_443' title='bbox 1083 3937 1133 3993; x_wconf 88' lang='lat' dir='ltr'><strong>der</strong></span> <span class='ocrx_word' id='word_1_444' title='bbox 1147 3938 1278 4008; x_wconf 86' lang='lat' dir='ltr'><strong>Segnuug</strong></span> <span class='ocrx_word' id='word_1_445' title='bbox 1293 3944 1341 3993; x_wconf 88' lang='lat' dir='ltr'><strong>uos</strong></span> 
     </span>
     <span class='ocr_line' id='line_1_44' title="bbox 60 4022 1341 4102; baseline -0.007 -16"><span class='ocrx_word' id='word_1_446' title='bbox 60 4028 172 4089; x_wconf 83' lang='lat' dir='ltr'><strong>llelclss.</strong></span> <span class='ocrx_word' id='word_1_447' title='bbox 208 4031 247 4090; x_wconf 80' lang='lat' dir='ltr'><strong>Es</strong></span> <span class='ocrx_word' id='word_1_448' title='bbox 262 4048 325 4102; x_wconf 85' lang='lat' dir='ltr'><strong>mag</strong></span> <span class='ocrx_word' id='word_1_449' title='bbox 339 4031 432 4091; x_wconf 80' lang='lat' dir='ltr'><strong>dieses</strong></span> <span class='ocrx_word' id='word_1_450' title='bbox 445 4031 580 4102; x_wconf 86' lang='lat' dir='ltr'><strong>lllengeln</strong></span> <span class='ocrx_word' id='word_1_451' title='bbox 595 4032 649 4088; x_wconf 88' lang='lat' dir='ltr'><strong>olm</strong></span> <span class='ocrx_word' id='word_1_452' title='bbox 663 4030 775 4085; x_wconf 84' lang='lat' dir='ltr'><strong>Zweiiel</strong></span> <span class='ocrx_word' id='word_1_453' title='bbox 789 4047 836 4085; x_wconf 89' lang='lat' dir='ltr'><strong>aus</strong></span> <span class='ocrx_word' id='word_1_454' title='bbox 853 4028 914 4082; x_wconf 87' lang='lat' dir='ltr'><strong>dem</strong></span> <span class='ocrx_word' id='word_1_455' title='bbox 930 4024 1082 4079; x_wconf 78' lang='lat' dir='ltr'><strong>Pabsttbum</strong></span> <span class='ocrx_word' id='word_1_456' title='bbox 1096 4022 1270 4080; x_wconf 87' lang='lat' dir='ltr'><strong>herlrommen</strong></span> <span class='ocrx_word' id='word_1_457' title='bbox 1287 4023 1341 4078; x_wconf 77' lang='lat' dir='ltr'><strong>unul</strong></span> 
     </span>
     <span class='ocr_line' id='line_1_45' title="bbox 57 4108 1340 4189; baseline -0.011 -13"><span class='ocrx_word' id='word_1_458' title='bbox 57 4115 243 4189; x_wconf 68' lang='lat' dir='ltr'><strong>begbebrlten</strong></span> <span class='ocrx_word' id='word_1_459' title='bbox 257 4116 373 4175; x_wconf 79' lang='lat' dir='ltr'><strong>worden</strong></span> <span class='ocrx_word' id='word_1_460' title='bbox 385 4134 463 4185; x_wconf 75' lang='lat' dir='ltr'><strong>saun.</strong></span> <span class='ocrx_word' id='word_1_461' title='bbox 495 4118 585 4173; x_wconf 84' lang='lat' dir='ltr'><strong>Woru</strong></span> <span class='ocrx_word' id='word_1_462' title='bbox 599 4133 630 4171; x_wconf 86' lang='lat' dir='ltr'><strong>es</strong></span> <span class='ocrx_word' id='word_1_463' title='bbox 645 4115 742 4171; x_wconf 82' lang='lat' dir='ltr'><strong>dianae</strong></span> <span class='ocrx_word' id='word_1_464' title='bbox 757 4114 821 4182; x_wconf 89' lang='lat' dir='ltr'><strong>soll,</strong></span> <span class='ocrx_word' id='word_1_465' title='bbox 835 4111 917 4166; x_wconf 83' lang='lat' dir='ltr'><strong>weiss</strong></span> <span class='ocrx_word' id='word_1_466' title='bbox 932 4109 976 4164; x_wconf 87' lang='lat' dir='ltr'><strong>iob</strong></span> <span class='ocrx_word' id='word_1_467' title='bbox 990 4108 1073 4165; x_wconf 89' lang='lat' dir='ltr'><strong>nicbt.</strong></span> <span class='ocrx_word' id='word_1_468' title='bbox 1110 4108 1161 4166; x_wconf 79' lang='lat' dir='ltr'><strong>Ala</strong></span> <span class='ocrx_word' id='word_1_469' title='bbox 1174 4108 1217 4165; x_wconf 91' lang='lat' dir='ltr'><strong>iob</strong></span> <span class='ocrx_word' id='word_1_470' title='bbox 1230 4109 1340 4166; x_wconf 77' lang='lat' dir='ltr'><strong>solebas</strong></span> 
     </span>
     <span class='ocr_line' id='line_1_46' title="bbox 59 4192 1340 4274; baseline -0.007 -15"><span class='ocrx_word' id='word_1_471' title='bbox 59 4219 120 4261; x_wconf 82' lang='lat' dir='ltr'><strong>aum</strong></span> <span class='ocrx_word' id='word_1_472' title='bbox 145 4204 289 4263; x_wconf 82' lang='lat' dir='ltr'><strong>erstenmal</strong></span> <span class='ocrx_word' id='word_1_473' title='bbox 310 4201 338 4261; x_wconf 90' lang='lat' dir='ltr'><strong>in</strong></span> <span class='ocrx_word' id='word_1_474' title='bbox 352 4201 462 4274; x_wconf 76' lang='lat' dir='ltr'><strong>tupaig</strong></span> <span class='ocrx_word' id='word_1_475' title='bbox 482 4202 577 4259; x_wconf 86' lang='lat' dir='ltr'><strong>lrbrete</strong></span> <span class='ocrx_word' id='word_1_476' title='bbox 597 4200 652 4259; x_wconf 73' lang='lat' dir='ltr'><strong>unul</strong></span> <span class='ocrx_word' id='word_1_477' title='bbox 669 4200 738 4256; x_wconf 85' lang='lat' dir='ltr'><strong>eben</strong></span> <span class='ocrx_word' id='word_1_478' title='bbox 753 4198 800 4253; x_wconf 88' lang='lat' dir='ltr'><strong>mit</strong></span> <span class='ocrx_word' id='word_1_479' title='bbox 815 4192 1033 4266; x_wconf 71' lang='lat' dir='ltr'><strong>communiente,</strong></span> <span class='ocrx_word' id='word_1_480' title='bbox 1054 4197 1200 4254; x_wconf 86' lang='lat' dir='ltr'><strong>arscbraclr</strong></span> <span class='ocrx_word' id='word_1_481' title='bbox 1213 4195 1258 4252; x_wconf 89' lang='lat' dir='ltr'><strong>iob</strong></span> <span class='ocrx_word' id='word_1_482' title='bbox 1272 4196 1340 4251; x_wconf 84' lang='lat' dir='ltr'><strong>uber</strong></span> 
     </span>
    </p>
   </div>
   <div class='ocr_carea' id='block_1_10' title="bbox 0 0 1524 4920">
    <p class='ocr_par' dir='ltr' id='par_1_14' title="bbox 0 0 1524 4920">
     <span class='ocr_line' id='line_1_47' title="bbox 0 0 1524 4920; baseline 0 4"><span class='ocrx_word' id='word_1_483' title='bbox 0 0 1524 4920; x_wconf 95' lang='lat' dir='ltr'><strong> </strong></span> 
     </span>
    </p>
   </div>
  </div>
 </body>
</html>
