3038 4920
792 282 868 352 atu

183 498 261 543 nuuc
277 486 323 540 est
336 478 544 558 episcoporum
560 475 650 551 ritus,
673 472 727 535 sed
743 476 897 555 prolatura
911 482 993 537 esset
1007 474 1043 536 ad
1061 470 1246 535 retinendam
1263 471 1416 536 doctrinae
1430 492 1472 555 pn

183 585 299 645 ritatem
318 588 350 641 et
368 578 613 658 propagationem
632 579 800 638 sententiae
815 577 1053 657 ecclesiasticae,
1073 576 1111 638 ad
1125 572 1320 637 concordiam
1334 584 1366 637 et
1377 576 1475 639 addis

182 678 354 766 cipliuam.“
399 680 526 742 Omnino
547 696 651 742 omnes
665 678 827 758 Agendae,
848 697 924 760 quae
937 678 1055 741 Rituale
1068 676 1312 741 (loudrmatioais
1333 680 1476 741 contiueat

183 784 364 849 conueniunt
383 785 414 845 in
434 800 489 860 eo,
511 781 590 863 quod
613 790 702 862 caput
715 790 776 843 ast:
798 784 932 844 nimirum
947 791 979 843 ut
993 782 1079 863 puerl
1092 790 1124 843 et
1136 779 1274 860 puellae,
1295 778 1350 841 ulti
1363 782 1476 860 primurn

181 888 217 949 ad
238 905 321 948 usum
343 902 445 947 sacrae
467 901 580 946 coenae
598 882 788 945 admittuntur
808 903 907 945 coram
922 884 1063 945 uniuerso
1075 892 1164 944 coetu
1178 882 1249 943 lidei
1263 882 1474 963 professionem

181 989 270 1052 edant
283 988 472 1049 sollemnem:
486 1005 503 1047 a
516 987 651 1047 ministro
665 1004 815 1047 sacrorum
831 988 877 1048 sul
891 987 996 1064 olllcii,
1012 983 1144 1048 eamdem
1158 992 1337 1046 commorer
1348 982 1381 1045 ad
1392 984 1472 1047 daem

180 1093 260 1153 vitae
275 1089 471 1152 conservandi
485 1087 712 1150 admoneantur:
733 1105 767 1149 se
782 1090 820 1149 lta
835 1091 966 1151 lacturos
981 1104 1052 1150 esse
1065 1084 1186 1169 publice
1198 1088 1379 1167 promittuut
1389 1089 1474 1149 eti*

181 1194 279 1274 posita
293 1209 379 1253 manu
393 1192 516 1272 quaeris
530 1191 608 1251 bona
621 1198 761 1270 precetur
775 1190 834 1251 illis
848 1190 1002 1254 sacerdos.
1030 1190 1106 1252 llum
1120 1188 1195 1250 baec
1209 1188 1474 1251 omalalsudaatat

180 1313 239 1377 que
255 1294 476 1370 commendant,
501 1310 637 1371 magnum
654 1292 751 1353 odium
767 1291 876 1355 babent
890 1295 919 1354 in
932 1292 1084 1354 Romanae
1097 1290 1245 1353 ecclesiae
1258 1298 1474 1353 mma-mun.

100 1380 105 1390 ’
179 1397 212 1459 Ρ.
227 1392 258 1458 4.
278 1391 352 1457 563.
380 1396 455 1474 „llit
469 1392 630 1457 christlilrc
651 1393 793 1456 lreilsame
816 1394 935 1473 merck,
956 1394 1030 1457 tam
1043 1392 1081 1456 de
1093 1393 1258 1455 Antichrist
1270 1393 1304 1455 ia
1317 1392 1373 1455 der
1387 1392 1475 1455 lidui-

180 1498 273 1561 seben
293 1496 412 1559 llerclue
431 1495 582 1576 gentzliclr
603 1496 745 1558 sorberet
764 1496 842 1557 rnde
862 1497 1049 1574 rordorueu,
1070 1496 1117 1558 lle
1138 1494 1215 1556 bero
1235 1493 1292 1557 des
1307 1494 1474 1557 (lutesltisari

181 1610 268 1679 ganta
283 1600 363 1663 rude
377 1618 432 1679 gar
444 1606 614 1677 uorsdmet‚
635 1598 668 1659 ln
683 1596 736 1659 des
750 1617 805 1676 spu
821 1598 1019 1661 Gdlreluerck
1032 1599 1085 1659 mit
1099 1596 1238 1675 drasam,
1258 1602 1397 1675 sumen,
1416 1614 1474 1657 ror·

179 1703 307 1780 binden,
334 1702 558 1781 Baclenslegen
573 1700 745 1779 gedrc'uen,
767 1701 824 1762 ltat
838 1702 908 1763 vtle
921 1700 1030 1762 dusent
1043 1698 1206 1761 llenscben
1220 1700 1260 1761 lm
1275 1698 1474 1761 Pawestdorte

180 1824 298 1883 waren,
322 1803 359 1867 de
380 1805 497 1867 niclatcs
517 1812 629 1865 mustea
650 1821 706 1864 rau
723 1802 779 1864 den
795 1802 868 1864 'lein
883 1803 1018 1881 gebadeu
1032 1801 1146 1880 Gades,
1169 1820 1236 1865 ram
1246 1798 1404 1880 Geloueu,
1425 1798 1475 1861 Va·

181 1906 235 1968 der
250 1925 342 1985 vase,
364 1907 442 1968 vnde
463 1906 518 1969 der
541 1906 673 1984 gelilren.
714 1905 776 1967 llar
792 1922 849 1965 van
870 1904 942 1966 laedt
961 1922 1018 1966 vus
1037 1902 1116 1965 uota
1137 1900 1230 1965 durch
1256 1901 1309 1966 dat
1327 1902 1411 1965 bialut
1428 1902 1475 1965 ts

181 2007 307 2085 luilligen
322 2006 478 2084 Euangelii
498 2003 666 2068 rorldset.“
707 2006 763 2069 Nd.
783 2002 858 2069 585:
878 2006 986 2085 „lloclr
1007 2008 1045 2067 ist
1059 2024 1093 2067 es
1106 2023 1142 2066 su
1157 2004 1328 2084 berkinges,
1347 2004 1477 2067 dsssder

181 2107 309 2184 Sathan,
322 2106 365 2169 ala
381 2110 429 2169 eia
445 2108 536 2169 Vater
550 2107 626 2169 aller
637 2107 853 2186 Abgdttereien
868 2108 926 2170 und
941 2107 1162 2185 missbreucbc,
1176 2108 1215 2167 lm
1231 2106 1405 2189 llapstsrab,
1418 2108 1475 2165 sei·

181 2226 239 2270 nen
262 2208 410 2287 guilleta.
425 2206 635 2271 achendliclren
650 2208 853 2287 aberglauben
868 2230 896 2272 ιι.
911 2210 1105 2288 lelscbuuge,
1125 2209 1249 2270 crstlicls
1264 2206 1354 2270 durub
1366 2206 1416 2267 dia
1427 2206 1475 2267 Bi·

180 2308 294 2373 sc'lrolle
309 2310 367 2372 und
380 2310 510 2373 bernacb
525 2310 618 2372 durch
631 2311 697 2373 iltre
710 2312 937 2391 suffraganeos,
959 2312 1008 2373 die
1021 2306 1278 2388 Welbbiscltolla,
1292 2308 1368 2371 saell
1379 2326 1416 2371 au
1430 2306 1477 2369 die

181 2412 393 2475 Confirmation
414 2412 587 2491 pelleclret'
597 2412 655 2473 und
670 2415 719 2474 ein
733 2414 818 2476 recht
829 2414 928 2476 Adeo·
942 2413 1001 2476 und
1015 2412 1208 2493 Narrenspiel
1222 2412 1331 2474 danus
1345 2410 1477 2491 gemacht

181 2518 239 2577 hut.
270 2515 338 2578 Und
352 2514 407 2576 dan
422 2515 505 2593 aber,
521 2514 585 2575 disc
598 2514 775 2578 Geremonie
788 2517 817 2575 iu
833 2516 925 2576 ibrem
939 2516 1063 2579 reclrten
1073 2514 1260 2590 liebrsucbe,
1275 2532 1333 2593 par
1347 2512 1476 2575 barlaam·

180 2618 239 2677 liclr
260 2617 289 2676 in
311 2616 365 2678 der
379 2616 509 2679 llirchen
524 2615 632 2676 Glrristi
651 2616 708 2676 lan
729 2616 912 2693 gebrauclret
925 2635 953 2677 u.
969 2618 1017 2680 die
1033 2617 1236 2678 missbreucbe
1250 2634 1280 2679 u.
1295 2614 1477 2695 uberplaulti·

181 2717 237 2779 che
247 2718 354 2779 Greuel
369 2718 464 2780 dauon
480 2716 684 2795 abgescballet
698 2717 830 2795 werden,
844 2718 908 2780 also
922 2720 1031 2781 wollen
1046 2718 1120 2780 auclr
1134 2720 1188 2779 wir
1198 2721 1228 2780 in
1238 2719 1346 2780 diesen
1355 2718 1476 2780 llircltsu

180 2820 232 2881 das
248 2820 322 2881 Gute
344 2840 403 2882 von
420 2821 473 2882 der
487 2818 698 2882 confirmation
714 2819 853 2881 belralten
867 2840 895 2881 u.
914 2821 971 2882 den
985 2822 1226 2899 angaschmirten
1240 2821 1364 2883 balatu
1380 2820 1477 2882 labra·

179 2924 296 3001 lescen,
316 2921 374 2984 und
393 2922 449 2985 den
464 2922 603 3003 l’apisten
619 2922 694 2983 heim
711 2921 856 2984 weisen.“
893 2923 977 2984 nude
991 2922 1186 2985 Glemnitium
1200 2926 1230 2984 in
1244 2922 1392 2984 Examina
1406 2922 1476 2984 Eou-

180 3025 240 3084 cilii
250 3025 430 3085 Tridentini:
447 3026 570 3103 „Nostri
583 3044 674 3105 saepe
685 3025 891 3104 ostenderunt,
907 3026 1245 3103 ritumeonllrmationis,
1259 3026 1387 3087 remotis
1397 3024 1477 3087 isati·

178 3122 269 3201 libus,
283 3128 500 3203 superstitiosis
517 3138 624 3188 etcum
640 3128 793 3206 Scriptura
807 3127 1006 3209 pugnantibus
1021 3128 1239 3205 traditionibus,
1252 3128 1334 3189 iuxta
1349 3127 1476 3208 Scriptu-

179 3242 232 3285 ιιι
251 3242 427 3285 consensum
448 3226 506 3288 lroc
519 3229 606 3288 modo
620 3246 712 3307 posse
726 3231 879 3310 usurpari,
894 3239 926 3290 ut
940 3230 999 3307 illl,
1015 3231 1064 3310 qui
1078 3231 1108 3292 iu
1122 3230 1244 3292 iniaatla
1257 3228 1404 3311 baptizatl
1415 3236 1477 3291 suut

180 3326 263 3401 (talis
284 3326 361 3387 enim
376 3345 453 3387 nunc
466 3337 512 3388 est
524 3327 679 3389 Ecclesiae
693 3330 801 3407 status)
816 3350 880 3393 cum
896 3331 933 3393 ad
946 3350 1039 3393 annos
1056 3332 1245 3393 discretionis
1258 3332 1475 3412 pervenissent,

179 3428 342 3507 diligenter
360 3430 389 3489 in
412 3438 492 3491 certa
512 3439 542 3491 et
560 3432 686 3513 simplici
705 3432 864 3499 catechesi
885 3434 1048 3495 Doctrinae
1067 3433 1221 3496 Ecclesiae
1242 3435 1476 3496 instituerentur.

178 3531 216 3593 Et
231 3550 296 3593 cum
311 3532 391 3593 initia
404 3532 593 3595 mediocriter
608 3539 782 3617 percepisse
796 3537 978 3614 viderentur,
993 3545 1099 3617 postea
1114 3534 1268 3617 Episcopo
1284 3546 1317 3598 et
1327 3536 1475 3599 Ecclesiae

178 3636 359 3713 ollcrentur,
382 3645 470 3715 atque
491 3636 531 3697 ibi
550 3655 624 3717 puer
645 3640 673 3698 in
688 3639 808 3700 infantia
824 3640 988 3719 baptisatus
1001 3640 1097 3718 primo
1114 3637 1198 3702 breui
1213 3647 1245 3700 et
1258 3639 1390 3720 simplici
1403 3654 1476 3701 com·

178 3738 399 3800 monelactione
411 3737 621 3800 admoneretur
634 3740 672 3801 de
686 3760 740 3802 suo
755 3741 919 3822 Baptismo:
933 3742 999 3816 Quo
1011 3741 1127 3803 scilicet
1139 3738 1376 3820 silbaptisatusi
1402 3740 1474 3817 Quo·

178 3838 289 3901 modo?
319 3839 439 3916 Quare?
466 3839 504 3903 Et
519 3843 548 3904 iu
563 3843 633 3923 quid
648 3844 687 3903 sit
701 3842 886 3924 baptizatus?
917 3842 993 3918 Quid
1009 3844 1038 3904 in
1052 3844 1264 3923 illoBaptismo
1280 3852 1345 3906 tola
1355 3842 1474 3905 'l'rlniltt

179 3944 235 4020 ipsi
256 3943 417 4004 contulerit
437 3953 466 4003 et
487 3943 669 4022 obsignarit,
690 3945 796 4007 lcedus
816 3946 933 4006 scilicet
947 3948 1031 4007 Pacis
1045 3955 1205 4026 atpacmm
1218 3942 1365 4008 Gratias?
1402 3946 1472 4022 Quo

179 4044 267 4104 modo
281 4044 321 4104 ibi
336 4046 413 4107 lacta
428 4048 466 4105 sit
481 4045 702 4108 abrenunciatio
717 4049 857 4125 Satanas,
871 4049 1021 4127 prolessio
1035 4046 1105 4110 lldei
1119 4058 1150 4110 et
1162 4048 1325 4128 promissio
1340 4047 1472 4111 obedieu-

180 4146 246 4205 tiae.
284 4146 423 4208 Secundo
438 4165 514 4226 puer
528 4152 593 4228 ipse
608 4166 706 4210 coram
720 4148 855 4211 Ecclesia
870 4151 975 4213 ederet
989 4151 1139 4231 propriam
1154 4159 1186 4211 et
1199 4148 1350 4232 publicam
1366 4148 1471 4231 proles

179 4246 292 4307 sionem
313 4249 398 4309 burins
412 4249 573 4311 Doctrinae
593 4260 623 4310 et
637 4250 729 4312 Fidei.
772 4251 874 4314 'lertio
895 4255 1133 4331 interrogaretur
1153 4253 1190 4314 de
1211 4253 1386 4333 praecipuis
1401 4249 1469 4314 cln-

178 4346 290 4407 stianae
303 4350 471 4428 Religionis
486 4353 646 4431 capitibus,
660 4353 697 4413 ad
712 4354 827 4433 singula
843 4356 1058 4436 responderet,
1072 4365 1121 4419 ant
1135 4358 1162 4417 si
1176 4354 1246 4437 quid
1260 4355 1360 4417 miuus
1374 4349 1469 4417 iutelli-

178 4455 278 4524 peret,
291 4454 399 4513 rectius
414 4452 592 4515 erudiretur.
628 4456 738 4529 Quarto
752 4457 971 4535 admoneretur,
987 4468 1018 4519 et
1030 4457 1086 4519 lrac
1100 4458 1291 4539 professione
1306 4455 1470 4521 ostenderet

177 4567 211 4612 se
226 4548 383 4614 dissentire
398 4554 434 4612 ab
451 4555 585 4617 omnibus
600 4555 743 4635 Ethnicis,
759 4558 934 4636 llaereticis,
949 4558 1096 4622 Fausticis
1111 4569 1141 4622 et
1155 4555 1470 4643 prophanis-opinioni·
