3038 4920
751 258 802 327 90

105 538 108 543 Ι
133 474 200 517 num
216 453 391 515 benedicere
405 452 565 513 eudemum
581 451 714 513 omnibus
728 451 884 514 bibendam
899 453 980 531 dare,
995 453 1061 529 Quo
1076 453 1131 513 ritu
1145 451 1278 515 Christus
1292 474 1364 516 usus
1375 459 1414 516 ri·

133 558 219 620 detur
232 558 324 617 luisse
339 566 370 616 vt
383 557 473 616 verba
488 554 639 633 Euangelii
654 564 777 633 sonant,
794 557 843 616 vbi
857 557 1030 617 manducone
1045 557 1129 616 iussit
1142 575 1246 636 panem
1262 567 1414 640 antequam

9 658 23 683 ¹
133 661 251 722 calicem
274 657 474 720 benediceret.
516 656 630 718 Deinde
649 674 794 737 expresse
808 659 887 720 dicit.
926 660 1068 721 Similiter
1083 668 1113 718 et
1127 659 1247 720 calicem
1262 670 1413 742 postquam

133 764 276 825 caenavit.
315 762 355 822 Vt
378 770 446 840 post
467 760 718 821 manducationem
738 763 860 840 primum
875 762 996 823 calicem
1012 761 1197 823 benedictum
1214 781 1281 824 esse
1296 767 1412 825 sentias.

131 865 192 927 Sed
211 866 284 926 ritus
304 865 352 926 bic
368 866 452 939 nimis
467 882 584 940 nouus,
600 862 658 924 non
673 866 801 945 patietur
816 882 850 925 ee
865 867 948 943 deri,
969 884 1044 945 quae
1058 864 1198 926 hactenus
1213 876 1282 946 post
1296 867 1412 929 benedi-

130 970 257 1030 ctionem
270 968 412 1045 diximus,
428 969 483 1027 nisi
499 976 529 1027 ct
542 970 605 1047 ipse
623 976 776 1027 mutentur.

231 1072 281 1131 Sic
294 1070 330 1131 de
343 1071 432 1131 llissa
446 1072 597 1146 sentimus,
611 1068 643 1129 ln
658 1071 762 1148 quibus
776 1068 910 1131 omnibus
923 1069 1093 1146 cauendum,
1110 1088 1148 1129 ne
1161 1069 1258 1148 legem
1273 1089 1313 1131 ex
1328 1072 1409 1133 liber·

129 1182 190 1234 tate
211 1163 365 1250 iaciamus,
387 1182 436 1233 aut
449 1191 573 1253 peccare
588 1190 727 1249 cogamus
743 1173 860 1252 eosqui
877 1170 925 1231 vel
939 1173 1025 1232 uliter
1038 1172 1182 1247 iecerint,
1208 1173 1255 1234 vel
1272 1175 1409 1255 quaedam

129 1277 299 1352 omiserint,
319 1275 406 1337 modo
422 1275 636 1337 benedictionis
651 1277 739 1337 verbe
753 1278 849 1336 sinant
861 1276 992 1351 integra,
1016 1283 1046 1334 et
1060 1275 1117 1335 lide
1131 1276 1178 1335 lnic
1191 1285 1290 1352 agant.
1331 1276 1409 1339 cto-

129 1380 289 1440 stianorum
306 1381 381 1439 enim
397 1379 425 1438 bi
442 1379 551 1439 debent
564 1398 630 1439 csse
644 1381 733 1456 ritus,
757 1379 833 1439 idest
849 1378 974 1438 liliorum
989 1377 1119 1463 liberae,
1142 1380 1189 1457 qui
1203 1390 1315 1458 sponte
1328 1388 1358 1440 et
1373 1398 1407 1441 ex

128 1482 224 1543 enimc
244 1483 297 1542 ista
319 1491 456 1557 seruent,
479 1484 613 1542 mutaturi
628 1483 745 1561 quoties
760 1481 953 1562 etquomodo
969 1479 1125 1541 voluerint.
1166 1481 1265 1556 Quare
1281 1502 1340 1544 nen
1354 1491 1408 1556 est,

128 1593 158 1644 ut
177 1586 372 1645 neeessariam
392 1584 515 1664 aliquam
537 1586 658 1645 iormam
672 1585 753 1645 velut
766 1564 863 1660 leg'em
877 1584 904 1642 in
920 1584 974 1644 bac
990 1602 1021 1644 re
1040 1586 1190 1664 quisquam
1205 1585 1254 1646 vel
1267 1595 1351 1665 petat
1362 1586 1406 1646 vel

126 1695 249 1764 statuet,
273 1705 328 1768 qua
348 1689 542 1750 conscientias
562 1688 703 1768 illaqueet
723 1698 754 1749 ct
775 1697 873 1747 vexet.
913 1686 997 1747 Vnda
1018 1697 1049 1748 et
1071 1689 1098 1746 in
1114 1688 1218 1766 priscis
1234 1690 1366 1767 patribus
1379 1697 1406 1748 et

124 1791 271 1873 primitive
285 1790 416 1851 Ecclesia
438 1790 547 1851 nullum
562 1792 726 1873 exemplum
749 1791 875 1868 legimns
895 1791 966 1852 ritus
981 1789 1066 1851 buius
1079 1789 1212 1868 plenum,
1233 1793 1289 1851 nisi
1303 1794 1332 1852 in
1350 1791 1406 1852 llo:

124 1889 269 1953 Ecclesia.
315 1893 373 1954 Sed
393 1912 447 1953 nec
466 1894 639 1954 seruandum
661 1905 741 1955 essct
756 1895 804 1976 qui
819 1896 970 1974 quicquam
986 1911 1039 1974 pro
1054 1892 1124 1969 lege
1138 1894 1167 1953 in
1181 1893 1237 1954 bac
1250 1912 1284 1954 re
1298 1895 1407 1955 sanxis-

124 2003 208 2070 sent,
230 1996 307 2075 quod
327 1996 444 2071 legibus
465 1999 520 2056 bec
542 1997 688 2076 obstringi
709 2016 765 2058 nec
782 1998 898 2076 possint
915 2015 971 2056 nec
984 1996 1119 2058 debeant.
1155 1994 1270 2057 Deinde
1283 1999 1308 2057 si
1323 1999 1406 2057 etlam

124 2096 234 2157 diuersi
257 2098 374 2157 diuerso
399 2099 455 2158 rite
476 2107 610 2166 utantur,
631 2098 728 2159 nullus
752 2100 874 2161 alterum
895 2098 942 2158 vel
958 2099 1067 2160 iudicet
1082 2098 1130 2159 nel
1147 2108 1332 2176 contemnat,
1352 2101 1406 2160 sed

123 2201 322 2278 unusquisque
342 2217 432 2259 sensu
452 2219 506 2261 suo
528 2201 672 2277 abundet,
694 2213 723 2262 et
737 2202 811 2262 idem
825 2202 970 2281 sepiamus
984 2220 1018 2263 ac
1032 2202 1206 2279 sentiamus,
1225 2202 1310 2261 etiem
1323 2202 1349 2260 si
1363 2202 1406 2262 di·

123 2319 210 2363 uersa
228 2302 383 2381 iaciamus,
406 2311 436 2363 et
456 2305 685 2384 uniuscuiusque
706 2307 777 2365 ritus
797 2306 881 2365 alteri
902 2305 1030 2383 placcat,
1054 2304 1141 2366 need
1155 2304 1406 2367 diuersitatemri·

122 2400 212 2481 tunm,
226 2404 362 2468 diversae
375 2416 535 2487 sequantur
549 2409 704 2486 opiniones
719 2417 750 2467 et
761 2416 872 2483 sectae,
887 2407 1127 2486 quemadmodum
1139 2407 1194 2469 sub
1208 2406 1338 2469 Rouana
1351 2406 1405 2468 Ec·

121 2508 213 2568 clesia
233 2510 365 2585 contigit.
407 2509 530 2570 Externi
546 2512 621 2570 enim
638 2512 728 2586 ritus,
751 2513 807 2571 etsi
826 2513 861 2570 iis
877 2528 979 2571 carere
994 2528 1051 2570 oon
1067 2528 1240 2591 possumus,
1259 2512 1406 2577 sicutnec

122 2611 189 2671 clbo
211 2618 241 2669 et
259 2619 350 2689 potu,
372 2621 540 2672 nontamen
555 2630 610 2672 nos
626 2612 682 2673 deo
698 2613 917 2689 commendant,
940 2615 1014 2674 sicut
1030 2633 1085 2674 nec
1099 2630 1167 2675 esca
1180 2631 1237 2674 nos
1251 2612 1308 2674 deo
1325 2631 1401 2674 conr·

120 2711 246 2771 mendat.
284 2711 372 2772 Fides
391 2723 486 2772 autem
508 2723 539 2774 ct
562 2713 694 2775 Charitas
719 2734 774 2775 nos
795 2716 852 2777 deo
872 2715 1083 2778 commendant.
1125 2717 1222 2791 Quare
1236 2715 1286 2776 lnic
1299 2725 1404 2794 regnet

120 2812 191 2874 illud
206 2813 297 2874 Pauli.
341 2814 406 2875 Non
421 2826 466 2876 est
484 2834 608 2892 regnum
623 2819 670 2878 dci
689 2837 756 2878 esca
771 2829 800 2878 et
814 2829 919 2899 potus,
936 2819 988 2880 scd
1003 2822 1130 2896 iustitia,
1146 2838 1204 2898 pax
1221 2828 1251 2879 et
1265 2818 1403 2897 gaudium

119 2919 150 2980 iu
166 2919 271 2998 spiritu
284 2926 397 2979 sancto.
437 2918 476 2979 lta
493 2938 548 2979 nec
563 2921 635 2981 ritus
650 2920 726 2982 vllus
741 2932 786 2982 est
801 2941 925 2999 reguum
940 2921 997 2998 dei,
1012 2922 1065 2983 sed
1080 2923 1151 2982 fides
1166 2922 1242 2982 iutra
1258 2941 1313 2983 vos
1328 2932 1402 2984 ctce

221 3020 328 3081 Vestes
342 3024 575 3100 praeteriuimus
614 3023 673 3084 Sed
686 3025 723 3085 dc
740 3024 785 3085 bis
799 3035 831 3085 vt
845 3025 882 3085 de
897 3026 961 3085 aliis
975 3024 1079 3085 ritibus
1092 3027 1246 3086 sentimus.
1284 3025 1402 3111 Permit-

118 3131 210 3183 tamus
231 3123 288 3184 illis
302 3125 344 3184 nti
359 3125 464 3200 libere,
480 3108 566 3186 modd
581 3145 688 3208 pompa
703 3137 733 3187 et
747 3127 833 3188 luxus
848 3127 933 3191 absit.
975 3127 1079 3208 Neque
1092 3129 1167 3189 enim
1183 3130 1277 3204 magis
1291 3104 1400 3208 places,

117 3227 175 3286 si'
166 3244 195 3287 m
214 3226 347 3288 vestibus
370 3227 568 3289 benedixeris.
608 3229 670 3290 Nec
690 3232 783 3290 minus
797 3231 917 3310 places,
938 3231 962 3290 si
976 3232 1041 3301 sine
1054 3229 1186 3291 vestibus
1201 3230 1400 3292 benedixeris

117 3326 221 3410 Neque
236 3330 311 3390 enim
327 3339 426 3391 restes
441 3331 527 3392 etiem
541 3350 596 3393 nos
611 3331 666 3394 deo
682 3332 896 3395 commendant.
920 3331 979 3394 Sed
995 3352 1114 3395 neceas
1130 3335 1299 3396 consecrari
1314 3333 1399 3395 velim

117 3440 165 3492 aut
180 3430 333 3508 benedici,
347 3434 428 3494 velut
441 3452 555 3495 sacrum
569 3435 687 3515 aliquod
703 3436 819 3496 loturae
831 3438 889 3497 sint
902 3455 974 3516 prae
988 3436 1053 3498 aliis
1069 3438 1217 3513 vestibus,
1239 3438 1296 3498 nisi
1311 3454 1398 3516 qene-

116 3534 169 3594 rali
189 3533 239 3594 ille
258 3534 481 3613 bencdictione,
502 3554 559 3617 qua
574 3539 762 3616 perverbum
777 3548 806 3598 ct
821 3541 982 3600 orationem
996 3541 1089 3601 omnis
1105 3529 1181 3600 bona
1197 3538 1341 3602 Creatuea
1352 3539 1397 3600 dei

113 3637 288 3698 sanctificari
302 3638 436 3713 docetur,
451 3640 560 3720 alioqui
575 3659 652 3701 mera
666 3643 837 3779 sqperstitio
852 3651 882 3702 et
895 3644 1029 3722 impietas
1039 3652 1094 3721 est,
1109 3640 1396 3753 perabominationis

113 3743 270 3822 pontifices
284 3742 464 3819 introducta,
479 3742 554 3803 sicut
569 3753 598 3803 et
612 3744 676 3807 alia.
684 3730 715 3820 ¹)

112 3892 317 3903 Ἤ

176 3971 205 4049 l)
228 3975 344 4030 Saeculo
365 3972 474 4028 decimo
491 3979 571 4028 sento
587 3982 615 4030 et
630 3975 745 4047 septimo
762 3975 892 4047 plurimae
907 3974 1049 4031 ecelesiae
1057 3976 1201 4032 utebantur
1215 3976 1283 4031 Alba
1301 3984 1330 4034 et
1344 3975 1393 4034 c·-

112 4058 170 4112 eule
184 4076 207 4113 s.
221 4059 349 4130 Plenete,
370 4059 465 4115 saltem
480 4060 506 4115 in
521 4059 688 4116 Eucharistie
703 4061 922 4120 administranda.
954 4062 1003 4132 lig.
1019 4062 1071 4115 530
1090 4063 1167 4131 „Der
1181 4061 1324 4135 lnleydnng
1338 4061 1394 4117 ltel-

112 4141 165 4198 ben
179 4142 228 4199 des
242 4146 356 4200 Dieners
372 4151 449 4200 vnter
465 4146 515 4201 der
529 4145 693 4201 dendtsclnen
709 4147 796 4216 bless,
812 4147 914 4203 wellen
928 4145 980 4202 wir
995 4163 1063 4203 unns
1077 4145 1134 4202 diss
1149 4146 1210 4217 incy
1224 4148 1392 4203 l'urbebaltes

112 4227 217 4298 beben,
232 4229 281 4285 Ein
297 4231 466 4286 Chorrdckel
483 4231 532 4287 des
547 4232 718 4301 Scnnteges,
734 4231 806 4287 nnnd
821 4240 914 4301 sonst,
930 4247 962 4288 so
978 4231 1214 4288 communicantem
1228 4232 1390 4290 verbanden.

111 4313 178 4368 nou
199 4314 448 4372 sondcrlichchst
468 4317 550 4386 eber,
574 4316 613 4372 als
635 4316 668 4371 da
690 4316 780 4385 sindt,
802 4317 933 4387 Osternn,
954 4318 1083 4389 l’ingstcn
1100 4325 1152 4372 etc.
1168 4319 1392 4390 eynecnorksp

111 4413 181 4469 pen,
206 4398 272 4454 oder
289 4400 368 4455 Cesel
388 4417 421 4455 nu
444 4400 595 4470 brancben,
619 4401 705 4457 odder
727 4401 794 4456 nach
817 4401 958 4471 celassem,
983 4403 1035 4458 wie
1052 4420 1082 4458 es
1097 4403 1222 4475 beqwem
1237 4403 1291 4473 ist,
1314 4404 1390 4460 llem-

110 4480 166 4536 lieb
181 4478 243 4538 dass
259 4500 317 4538 men
332 4483 382 4539 des
396 4485 515 4556 Sontags
531 4486 653 4542 schlecbt
666 4502 719 4555 eyn
734 4487 904 4543 Chorrbckel
918 4486 980 4542 hab.
1012 4486 1077 4543 Auli
1089 4487 1132 4543 die
1148 4489 1211 4545 Fest
1226 4490 1310 4560 eber,
1330 4503 1391 4558 mag

104 4581 139 4619 er
154 4581 227 4633 cyno
242 4567 409 4641 Oborlreppe
423 4569 492 4626 oder
505 4570 602 4641 Cesel,
616 4571 660 4627 die
676 4572 739 4627 weil
754 4571 804 4641 pbr
818 4572 889 4629 noeb
903 4588 979 4643 gnug
992 4573 1151 4630 verbanden
1165 4573 1216 4644 ist,
1230 4573 1305 4631 vnnd
1320 4573 1390 4631 docb
