3038 4920
679 272 680 276 ‘
746 242 827 361 ar‘

128 472 290 556 geaeboffet
314 479 436 541 worden
443 504 459 551 ,-
486 499 521 542 es
549 479 663 544 bliebeo
683 482 761 544 noeb
772 483 859 546 Ferte
875 502 974 564 geatam
988 484 1092 563 abrip,
1117 486 1166 546 die
1176 466 1234 546 dua
1245 484 1318 547 robe
1333 480 1408 549 Valle
1446 536 1449 543 r

128 583 214 639 saur
226 576 351 659 Bitrper
360 582 425 642 arrd
436 580 561 645 Bersera
572 602 633 644 aar
650 586 702 646 mit
720 584 916 666 didesippcag
935 587 998 647 and
1008 587 1178 648 artndfieber
1200 586 1334 649 Weltfast
1354 607 1405 649 aar·

130 679 243 760 bairrpet
261 683 325 743 aad
347 701 390 744 oa
413 683 499 748 beate
519 685 674 767 lleilipnoy
690 688 745 749 des
758 689 890 751 Norasne
903 687 1015 767 (letter,
1041 688 1118 750 nocb
1129 706 1171 750 on
1182 691 1230 751 die
1242 686 1406 770 Bubacene

73 862 75 873 Ι
129 782 208 844 ilrer
218 782 325 846 Scelere
336 786 487 868 pertendet,
499 806 570 850 naon
582 808 652 870 mog
664 808 699 851 ea
710 792 791 853 dosa
804 792 980 869 omonimo,
998 793 1055 853 soie
1066 810 1137 853 mon
1149 791 1241 858 will.“
1293 792 1405 855 Decan-

129 894 165 947 trt
178 886 257 949 baec
268 892 372 952 naenia
389 909 476 953 unum
491 911 530 954 ex
544 894 722 972 argumentis
736 897 896 977 primariis,
920 914 996 977 qnae
1010 916 1027 955 a
1046 894 1132 957 bonis
1151 915 1221 957 sane
1237 914 1272 957 ac
1285 897 1342 976 piis
1355 894 1405 957 bo·
1457 943 1460 949 .

129 988 253 1052 niuibus
272 990 442 1072 adornatur,
459 996 598 1077 populum
612 997 676 1058 dies
691 997 787 1060 festos
802 998 959 1080 profanare
977 992 1263 1075 comessationibus,
1285 997 1405 1059 baecbs·

130 1091 253 1171 saliban,
267 1112 342 1174 quae
356 1097 384 1156 in
398 1099 517 1177 popinis
530 1106 618 1179 atque
638 1100 766 1162 tabernis
780 1110 961 1182 peragantur
974 1109 1031 1162 etc.
1055 1100 1113 1162 Sed
1127 1103 1205 1162 inter
1219 1118 1321 1163 omnes
1338 1118 1405 1161 con·

130 1202 197 1272 atat,
212 1196 333 1257 abusam
347 1216 406 1259 non
422 1199 530 1261 tollere
545 1219 640 1263 asam:
651 1221 755 1284 porro,
772 1206 797 1265 si
811 1205 914 1265 malum
929 1202 1068 1265 radicitus
1083 1205 1249 1284 exstirpare
1261 1203 1405 1278 volneris,

131 1314 227 1358 omnes
244 1298 421 1362 festivitates
434 1304 573 1384 ipsasque
588 1305 754 1367 llomioicaa
767 1307 945 1385 abrogemus
959 1325 1084 1368 necesse
1098 1312 1160 1373 est:
1181 1324 1247 1367 nam
1261 1306 1312 1367 baa
1331 1322 1403 1386 quo·

132 1416 182 1477 qne
209 1400 246 1461 ab
272 1403 369 1483 impiis
392 1421 428 1464 ac
453 1405 612 1468 luxuriosis
633 1408 799 1470 bominibus
818 1409 966 1489 hodieque
983 1410 1131 1491 profanari
1148 1411 1212 1490 quis
1228 1409 1337 1490 estqui
1352 1425 1402 1469 ne

131 1499 219 1562 edati
272 1504 398 1567 Saeculo
418 1507 531 1570 decimo
546 1520 653 1571 octavo
673 1511 709 1571 ad
724 1513 809 1573 funem
829 1520 973 1590 vergente
992 1512 1070 1573 aliud
1088 1520 1290 1588 argumentum
1310 1510 1402 1587 magis

131 1613 275 1685 acceptam
289 1616 367 1671 erat:
386 1608 498 1671 dierum
511 1612 653 1673 festorum
669 1615 754 1695 copia
769 1615 915 1688 rusticos,
939 1614 1062 1693 opifices
1077 1623 1134 1674 eto.
1150 1615 1234 1673 nimis
1248 1612 1402 1672 detineris

131 1703 244 1785 labore,
266 1710 417 1789 prohiberi
447 1731 462 1772 a
488 1713 600 1773 laboris
625 1722 758 1793 quaestu·
811 1720 848 1774 rt
865 1732 938 1774 aero
960 1716 990 1774 in
1016 1714 1069 1781 bas
1087 1713 1310 1773 lamentationes
1327 1711 1404 1771 cadit

130 1825 199 1886 quae
226 1812 345 1890 scripsit
376 1813 514 1874 Claudius
542 1823 645 1874 noster
673 1812 796 1891 ‚,Uaser
813 1813 914 1876 Leben
929 1815 969 1874 iet
987 1814 1064 1874 duob
1082 1810 1150 1874 bein
1166 1811 1280 1872 tusses
1298 1808 1403 1871 Mono-

124 1905 326 1984 fnctursoesen
337 1912 401 1972 and
412 1913 471 1973 dos
485 1912 569 1975 Eride
582 1914 638 1975 der
654 1914 730 1977 Wclt
746 1914 830 1977 deice
844 1914 1043 1994 Fronbfurter
1062 1912 1184 1976 messu‘
1203 1944 1251 1957 —
1273 1912 1339 1974 dein
1359 1913 1403 1974 illi

125 2011 291 2074 redulitatis
318 2023 405 2095 atque
430 2016 538 2077 assidui
557 2017 666 2079 laboris
689 2021 804 2099 patroni
826 2018 875 2079 ael
892 2030 962 2080 voto
984 2037 1038 2081 auo
1055 2036 1112 2080 non
1134 2015 1221 2096 potiti
1239 2023 1325 2096 suot,
1351 2014 1401 2076 rel
1501 2020 1510 2041 “

127 2114 214 2192 laea,
242 2133 316 2196 ques
338 2126 472 2180 serratos
487 2119 661 2198 voluerunt,
683 2121 719 2182 ab
736 2122 901 2182 bominibus
914 2140 972 2183 non
985 2119 1097 2182 serrari
1112 2135 1170 2178 non
1184 2118 1250 2178 sine
1262 2134 1401 2180 moerore

73 2254 75 2289 ;
127 2216 343 2280 intellexerant.
384 2219 456 2281 Nam
478 2220 622 2302 popolus,
641 2225 756 2304 pristini
770 2225 823 2285 otii
838 2223 913 2284 bene
928 2239 1053 2296 memor,
1073 2237 1174 2280 manus
1188 2218 1399 2283 abstinetala·
1465 2244 1475 2255 ··

127 2316 192 2380 bore
212 2319 310 2382 multis
325 2322 532 2385 festivitatibus
552 2342 626 2403 qrrae
641 2344 699 2387 non
721 2326 845 2406 amplias
867 2326 943 2386 culta
962 2324 1061 2382 divino
1083 2319 1286 2399 celebrantur,
1314 2331 1347 2383 at
1369 2323 1398 2384 iu

126 2419 200 2483 fariis
216 2425 311 2485 tertiis
327 2444 500 2487 summarum
528 2427 735 2491 festivitatum:
761 2428 835 2490 alios
859 2446 930 2488 vero
951 2424 1143 2484 festivitatum
1161 2425 1322 2484 imminutio
1338 2441 1398 2485 non

124 2524 279 2603 probibuit,
306 2529 374 2609 quin
388 2531 451 2590 auri
466 2547 548 2591 sacra
561 2529 638 2590 fame
655 2532 796 2613 correpti,
817 2531 918 2592 diebus
932 2543 1050 2606 quoque
1063 2525 1179 2586 festivis
1197 2543 1271 2606 quae
1286 2540 1398 2585 manae·

124 2635 202 2704 ruat,
221 2627 372 2692 laboribus
385 2640 472 2712 atque
488 2635 617 2711 negotiis
632 2633 758 2695 nefarias
772 2634 961 2694 admoverent
979 2645 1090 2688 manas.
1144 2626 1224 2690 (lave
1245 2636 1341 2688 morea
1361 2644 1399 2687 ne
1418 2636 1421 2641 '

123 2727 347 2810 disputationem
370 2744 498 2795 nostram
512 2752 603 2815 prave
614 2736 773 2815 intelligas.
815 2731 964 2793 Lubenter
981 2729 1113 2793 concedo
1128 2729 1296 2794 nonnullas
1313 2729 1396 2791 festi·

120 2832 224 2894 ritates
238 2844 308 2916 apte
319 2837 471 2898 transferri
482 2856 573 2918 posse
587 2841 616 2899 in
629 2838 793 2900 Dominicas
806 2836 1016 2914 proximiores,
1029 2833 1101 2895 alias
1113 2835 1218 2915 peragi
1231 2850 1322 2914 porse
1335 2850 1396 2895 nou
1412 2818 1416 2829 ’

121 2935 150 2993 ic
171 2934 240 2997 foro
262 2937 314 2999 sed
336 2947 444 3000 tanturn
466 2941 496 3000 in
516 2941 608 3002 choro
630 2942 648 3003 i.
670 2959 696 3002 e.
717 2938 806 3000 saeris
822 2938 987 3013 matutinis,
1012 2939 1186 2997 concionum
1199 2935 1396 3016 profestarum

123 3034 445 3121 (Wocbeapredigten)
463 3042 530 3104 loco
545 3043 652 3103 habitis
677 3072 713 3085 ν
739 3038 796 3099 boc
810 3056 896 3098 unum
910 3047 1019 3097 certum
1035 3048 1124 3098 estet
1142 3046 1225 3098 extra
1241 3037 1396 3099 dubitatio·

122 3138 167 3198 nis
181 3138 274 3200 aleam
287 3145 424 3222 positum,
445 3144 522 3205 illam
538 3140 776 3206 consuetudinem
803 3156 878 3220 quae
899 3140 967 3200 inde
986 3157 1002 3200 a
1018 3139 1161 3201 Friderici
1179 3139 1313 3201 Guilelmi
1325 3139 1349 3202 l.
1364 3148 1396 3201 et

117 3238 264 3304 friderici
276 3242 373 3323 lfagni
387 3247 569 3328 temporibus
591 3242 735 3308 increbuit
752 3244 781 3303 in
796 3260 891 3320 regno
904 3241 1081 3320 Bormiae,
1108 3261 1183 3324 quae
1198 3242 1280 3304 velut
1297 3242 1394 3321 magni

115 3353 205 3425 atque
228 3344 350 3408 illustris
371 3351 457 3430 regni
473 3349 607 3429 exemplo
624 3347 652 3409 in
668 3345 791 3407 aliorum
805 3346 968 3426 principum
982 3345 1108 3407 ditiones
1121 3342 1242 3427 (passim
1255 3364 1315 3408 non
1328 3346 1395 3405 sine

115 3438 427 3531 magntsnortbas¹))
442 3454 566 3526 transiit,
586 3449 678 3509 banc
698 3465 856 3529 prorsus
876 3449 1041 3510 alienam
1062 3467 1149 3511 esse
1168 3468 1183 3510 a
1199 3445 1392 3526 singulari

115 3550 318 3615 ecelesiae
339 3552 569 3616 lutheranae
589 3551 757 3628 ingenio.
809 3551 848 3612 Ut
861 3569 919 3612 uno
934 3552 1027 3614 verbo
1041 3555 1137 3613 omnia
1150 3547 1392 3632 complectar‚ia

113 3652 325 3717 festivitatibus
339 3653 522 3718 celebrandis
538 3657 687 3735 superarit
701 3655 879 3716 reformatae
896 3654 1040 3716 ecclesiae
1056 3655 1183 3717 indoles.
1204 3653 1393 3731 Quapropter
1502 3666 1506 3675 ¹

115 3752 292 3836 fluerickio,
312 3758 515 3820 ardentissimo
529 3759 646 3838 priseae
660 3758 806 3819 ecclesiae
819 3756 1002 3819 botberanae
1019 3759 1158 3834 amatori,
1180 3756 1298 3816 minime
1317 3748 1391 3809 vitio

113 3905 319 3922 *a

175 3984 205 4062 1)
228 3986 320 4062 lingui
332 3986 458 4044 tumultus
471 3993 586 4059 propter
600 3985 762 4044 festivitates
773 3986 893 4044 sublatas
912 3985 1001 4043 exorti
1011 3991 1073 4042 aunt
1089 4000 1115 4044 r,
1128 3998 1153 4038 o.
1168 3979 1236 4036 1755
1253 3977 1280 4033 in
1292 3973 1390 4034 ducatu

115 4069 357 4144 lblperslruaiensi,
381 4071 445 4128 item
459 4070 487 4126 in
503 4070 605 4129 ditione
620 4070 830 4144 Smalcaldensi,
857 4070 925 4127 1770
938 4071 965 4128 ia
979 4083 1067 4140 regno
1084 4065 1214 4133 sueciae,
1238 4061 1316 4118 itaut
1329 4059 1389 4119 dias
1471 4134 1482 4149 κ

114 4155 175 4212 festi
187 4158 317 4228 abrogati
328 4156 542 4221 restituerentur.
572 4157 654 4212 immo
667 4154 733 4211 1811
744 4164 773 4213 et
783 4155 859 4227 1816,
872 4172 933 4215 oum
941 4157 968 4212 in
979 4151 1127 4228 proviaciis
1138 4144 1288 4217 &rosicis
1299 4160 1389 4217 regno

113 4240 260 4300 borussico
281 4258 368 4315 nuper
389 4241 502 4314 lundis,
527 4243 595 4300 festa
618 4243 720 4298 minora
735 4258 769 4297 ex
785 4240 875 4298 edicto
888 4241 968 4311 regio
983 4253 1039 4293 non
1049 4232 1161 4304 amplius
1175 4231 1388 4308 celebrarentur,

113 4334 300 4385 conruerunt
309 4324 403 4385 rustici
417 4326 452 4383 ad
458 4327 552 4385 iaaoas
562 4327 736 4384 ecclesiaram
746 4328 850 4383 clausas
861 4322 993 4396 nacprius
1000 4320 1190 4385 discesserunt,
1199 4333 1277 4391 quam
1282 4333 1386 4375 sacrum

112 4410 224 4485 aliquod
238 4413 370 4471 canticum
381 4411 592 4471 decantaverint
636 4412 732 4469 Postea
745 4409 877 4484 sapientia
888 4407 965 4478 regis
979 4400 1125 4473 coacessit,
1136 4410 1165 4460 ut
1176 4404 1243 4463 baec
1253 4405 1323 4463 festa
1337 4418 1386 4461 ca-

113 4494 213 4554 labrari
223 4498 330 4572 possint
344 4512 379 4553 ex
388 4496 489 4554 lubitu:
511 4504 540 4554 et
556 4513 623 4555 sane
638 4495 672 4553 ad
691 4497 761 4551 bano
774 4502 859 4564 usque·
869 4491 940 4546 diem
951 4489 979 4544 ia
989 4487 1133 4560 permultis
1144 4490 1249 4566 oppidis
1261 4507 1293 4549 aa
1305 4488 1385 4562 prtia

114 4579 253 4642 districtas
262 4581 495 4653 limaebargenaia
507 4588 587 4655 atqua
599 4577 784 4638 llrfordieasis
799 4574 931 4649 religiose
943 4579 1121 4651 peraguntur.
1225 4594 1227 4598 ·
