3046 4926
647 259 813 379 'so

157 475 226 520 snos
243 457 273 517 in
286 455 452 536 posteriora
466 472 622 535 percussor
637 456 799 536 opprobrio
813 456 993 534 sempiterno
1008 451 1190 529 nobilitauit',
1210 459 1243 513 ct
1255 468 1326 512 sose
1338 448 1420 511 dimit·

157 571 221 623 tore
243 555 398 638 compulit,
420 575 494 638 quae
514 569 560 620 cst
574 558 716 620 Parabola
736 559 869 619 instantia
893 557 1044 637 temporis.
1079 554 1209 616 Proinde
1223 552 1419 617 omnibusill's

156 660 314 744 repudiatis
334 678 408 741 quae
428 659 605 722 oblationem
625 670 747 739 sonant,
767 679 831 722 cum
850 661 988 721 uniuerso
1001 658 1140 736 Conone,
1158 657 1341 720 retineamus
1358 676 1417 739 quae

157 783 227 846 pnra
240 772 270 825 et
281 772 382 825 sancta
396 771 478 840 munt,
491 782 526 824 ec
537 765 581 824 sic
592 763 707 825 llissam
721 772 849 826 nostram
864 763 1018 824 ordiamur.

256 866 279 928 1.
319 865 379 926 Sub
393 866 529 943 symbolo
542 865 590 927 vel
604 877 673 947 post
688 865 853 940 canonem,
867 873 1026 946 apparetur
1039 864 1123 945 panis
1137 870 1167 923 et
1180 863 1283 925 riuum
1294 861 1332 924 ad
1344 862 1415 925 bone

155 970 330 1047 dictionem,
351 971 409 1030 ritu
427 969 535 1047 solito,
558 971 612 1029 nisi
633 971 709 1049 qnod
729 968 856 1031 nondum
877 969 1015 1029 constitui
1036 984 1166 1044 mecum,
1190 965 1417 1028 miscendanerit

155 1091 227 1154 aqna
247 1072 335 1148 rino,
356 1089 526 1152 quamquam
547 1071 603 1132 lruc
622 1072 749 1149 inclino,
771 1081 802 1132 ut
821 1089 929 1132 merum
944 1071 1042 1152 potios
1055 1070 1153 1130 vinum
1166 1078 1306 1150 paretur,
1323 1068 1417 1151 eisquc

156 1193 247 1256 aquae
267 1176 407 1250 mixtura,
430 1174 505 1254 quod
520 1175 696 1252 significatio
711 1193 757 1235 me
771 1174 846 1235 male
861 1173 981 1249 habeat,
1004 1191 1087 1252 quam
1100 1171 1201 1233 lsaias.
1214 1169 1240 1233 1.
1254 1174 1358 1255 ponit'
1376 1170 1416 1232 tt·

156 1287 315 1338 nummum
330 1275 452 1358 (iuquit)
470 1278 589 1337 mixtum
601 1286 646 1338 est
660 1295 749 1358 aqua,
771 1276 880 1337 ilerum
894 1278 991 1338 vinum
1006 1277 1082 1337 enim
1096 1274 1220 1355 pulchre
1237 1275 1343 1359 ligarat
1354 1276 1416 1356 puri·

156 1390 244 1441 tatem
258 1366 411 1439 'doctrinae
425 1378 631 1457 Euangelicae.
671 1380 785 1441 Deinde
799 1379 878 1461 quod
892 1397 947 1460 pro
962 1378 1047 1439 nobis
1062 1395 1121 1439 non
1135 1386 1181 1439 est
1194 1378 1297 1456 lusus,
1316 1379 1370 1440 uisi
1381 1394 1417 1439 ro

156 1484 213 1545 lius
225 1482 345 1558 sangnis
360 1480 467 1543 Christi
481 1484 682 1563 impermixtos
695 1492 808 1559 nocuo,
823 1485 904 1544 cuius
918 1482 958 1542 ilti
970 1482 1137 1543 memoriam
1151 1480 1288 1545 iacimus.
1326 1479 1362 1543 Vt
1372 1496 1417 1542 rou

155 1593 214 1648 stct
227 1583 343 1644 illorum
353 1587 507 1662 somnium,
523 1588 571 1666 qui
585 1585 684 1646 dicunt
697 1588 736 1646 ibi
751 1587 879 1664 ligurari,
893 1586 1030 1646 unionem
1043 1585 1136 1645 nostri
1150 1601 1215 1644 curn
1230 1582 1360 1661 Christo,
1373 1581 1417 1645 lln

28 1734 32 1745 .
153 1688 201 1750 lus
221 1687 336 1747 unionis
356 1690 522 1749 memoriam
537 1688 584 1749 lric
598 1708 656 1750 aon
670 1689 800 1750 iacimus.
839 1687 903 1749 Nec
915 1706 1013 1748 numos
1026 1688 1098 1748 uniti
1112 1694 1180 1747 ante
1195 1686 1262 1747 eins
1278 1686 1418 1763 lusionem,

154 1790 264 1869 alioqui
283 1789 367 1850 simul
382 1800 484 1851 noster
497 1809 614 1872 quoquc
627 1793 746 1870 sanguis
759 1810 822 1852 cum
837 1791 980 1869 sanguine
996 1789 1104 1851 Christi
1118 1807 1173 1873 pujo
1189 1789 1278 1851 nobis
1291 1789 1419 1851 lusrscc

154 1892 325 1955 iebrabitur.
364 1891 470 1953 Tamen
492 1886 594 1956 contra
615 1895 780 1956 libertatem
800 1912 859 1955 uon
879 1892 1060 1955 introducam
1076 1891 1175 1969 legem
1189 1894 1419 1973 superstitiosam

156 1994 288 2058 Christus
303 1993 360 2054 hec
372 2012 626 2076 non-magnopere
639 1997 762 2074 curabit,
778 2015 834 2057 nec
847 2015 896 2057 res
912 2005 957 2058 est
970 1995 1057 2073 digna
1073 1996 1278 2072 contentione,
1290 1994 1423 2072 lunarii

155 2102 225 2160 satis
247 2097 321 2167 hanc
343 2113 470 2176 pugnam
492 2099 608 2160 stultam
628 2099 756 2160 Romana
776 2109 806 2160 et
828 2099 937 2160 Graeca
951 2097 1101 2173 Ecclesia,
1122 2106 1155 2158 vt
1174 2107 1206 2159 et
1227 2096 1297 2160 allas
1316 2096 1423 2158 multas.

156 2199 241 2276 Quod
255 2215 327 2259 vero
340 2197 430 2278 aliqui
441 2198 586 2261 adducunt
600 2220 617 2261 e
632 2200 724 2262 latere
738 2200 844 2262 Christi
859 2201 979 2263 duxisse
992 2218 1094 2280 aquam
1108 2219 1173 2260 cum
1186 2200 1342 2280 sanguiue,
1355 2198 1424 2261 nilril

155 2303 270 2386 probat.
307 2301 394 2371 Aliud
409 2303 484 2362 enim
499 2303 548 2364 illa
562 2321 634 2384 aqua
648 2304 810 2381 significat,
831 2322 914 2384 quam
928 2305 1032 2364 volunt
1044 2309 1099 2383 per
1111 2302 1188 2364 hanc
1201 2302 1318 2364 mixtum
1328 2319 1424 2384 aqua·

155 2405 323 2486 significari.
360 2402 420 2465 Sed
433 2423 489 2465 uec
501 2408 590 2467 mixta
605 2406 654 2467 illa
667 2405 722 2466 luit
735 2423 798 2466 cnm
813 2408 975 2485 sangnine,
991 2406 1083 2484 irqora
1097 2407 1221 2486 insuper
1232 2404 1305 2468 rilril
1317 2405 1424 2487 probat,

155 2507 319 2589 exemplum
332 2517 429 2568 eutem
442 2526 501 2570 uon
516 2518 640 2571 constat.
666 2507 765 2582 Quare
777 2518 809 2570 vt
819 2509 970 2569 humanum
982 2511 1131 2570 inuentum
1141 2507 1238 2569 liltore
1247 2494 1425 2585 tracmtutJ)

256 2610 292 2672 tl.
324 2612 472 2691 Apparato
488 2628 563 2690 pane
577 2594 608 2672 et
620 2612 690 2672 vino
707 2630 776 2672 mox
790 2613 966 2692 procedatur
979 2610 1015 2672 ad
1030 2611 1108 2672 lrunc
1125 2611 1251 2672 modum.
1294 2610 1424 2673 llomisrt

155 2714 318 2789 vobiscum,
336 2712 475 2792 Respoo:
496 2712 533 2775 Et
547 2733 610 2774 cum
623 2716 728 2793 spirito
742 2722 803 2791 tuo,
822 2716 942 2776 Sursum
957 2713 1056 2792 corda,
1071 2714 1207 2796 Respon:
1222 2712 1383 2777 Habeamus
1393 2710 1427 2775 ad

155 2819 320 2892 dominnm,
334 2815 446 2877 Gratias
460 2833 578 2892 agamus
592 2816 711 2878 domino
728 2816 783 2878 deo
799 2826 913 2895 nostro,
928 2818 1065 2897 Respon:
1078 2816 1200 2895 dignum
1213 2826 1243 2878 et
1258 2818 1362 2879 iustum
1375 2824 1426 2880 est.

154 2922 232 2982 Vere
248 2920 365 2998 dignum
381 2927 410 2979 et
423 2920 527 2979 iustum
547 2927 592 2980 est
606 2938 710 3000 equum
725 2928 755 2980 et
769 2919 912 2996 salutaro,
935 2939 990 2981 nos
1004 2919 1056 2981 tibi
1070 2937 1188 3002 semper
1202 2929 1233 2981 et
1247 2921 1356 3001 ubique
1368 2937 1426 3000 qn·

155 3058 360 3071 ———--·

214 3114 244 3190 1)
267 3114 395 3173 Omnibus
415 3116 459 3188 qui
482 3117 591 3190 cupiunt
604 3123 633 3172 ut
646 3115 814 3174 Eucharistir
828 3121 921 3173 nostra
938 3117 1060 3188 proxime
1074 3114 1188 3173 acoedat
1202 3115 1238 3171 ad
1253 3114 1427 3191 rsdcnptoe'n

155 3201 320 3272 exemplum,
340 3200 385 3257 illa
400 3201 508 3272 antiqua
524 3201 691 3259 consumudo
707 3200 787 3258 valde
802 3201 1012 3258 commendatur.
1046 3202 1112 3257 liam
1127 3217 1161 3258 ex
1174 3218 1254 3260 moro
1271 3200 1427 3275 nogiomnd

156 3285 250 3357 populi
263 3285 397 3342 christum
411 3285 546 3343 dominum
560 3286 648 3342 vinum
662 3304 722 3344 cum
736 3302 804 3359 aqna
820 3287 960 3343 miscuisse
975 3304 1030 3344 non
1043 3286 1109 3343 licat
1122 3286 1218 3358 negari
1228 3286 1367 3347 Quem
1378 3286 1427 3345 lt·

155 3388 182 3443 p.
204 3371 256 3425 tta
278 3371 389 3440 „Wenn
410 3373 454 3427 oin
471 3370 591 3428 Patieutc
612 3371 640 3428 in
653 3372 771 3443 hituiger
784 3371 951 3429 liranclrlreit
965 3373 1033 3429 odor
1050 3387 1165 3443 groossr
1178 3372 1372 3431 Schwaclrhcit
1382 3368 1427 3429 dn

155 3454 237 3511 Wein
260 3455 333 3512 niolrt
355 3463 499 3528 vertraqcn
522 3458 640 3528 kitonte,
662 3474 694 3514 so
709 3458 783 3528 iragt
796 3457 884 3514 siclis:
905 3458 945 3514 Ob
962 3475 1022 3513 man
1036 3456 1184 3514 deuocllneu
1199 3457 1276 3515 nicht
1289 3459 1339 3515 mit
1352 3464 1427 3517 stit!

156 3541 271 3596 Wasser
286 3541 454 3598 vermischeu
472 3539 583 3598 lotione?
611 3543 752 3598 Antwort:
770 3542 883 3598 Warum
898 3540 996 3598 nicht‘l
1023 3541 1073 3598 Ein
1090 3539 1173 3599 tonet
1188 3542 1247 3599 roll
1259 3542 1356 3615 Wein,
1369 3540 1427 3601 lsltl·

154 3627 201 3683 bct
214 3625 286 3682 doclr
297 3626 388 3696 Wein,
403 3627 525 3684 ohschon
538 3627 582 3682 ein
594 3626 678 3684 Loliel
692 3627 748 3683 voll
761 3628 875 3684 Wassor
888 3627 957 3683 dano
970 3628 1070 3698 gethan
1086 3627 1164 3683 wind.
1191 3628 1255 3685 Uud
1268 3645 1351 3686 maun
1363 3626 1427 3687 sith

154 3718 284 3782 autrige,
305 3710 369 3768 dass
390 3710 439 3768 der
453 3712 534 3768 Wein
556 3713 609 3782 bey
623 3712 795 3770 ilientlicher
809 3714 983 3769 communion
998 3713 1072 3769 nieht
1085 3712 1230 3770 cureiclteu
1246 3715 1365 3785 wollts,
1382 3704 1427 3771 d

153 3813 186 3854 so
209 3796 273 3853 bald
292 3798 368 3853 mehr
384 3797 466 3853 Wein
486 3797 560 3853 nicht
580 3815 612 3855 zu
632 3798 764 3868 erlungen
787 3803 878 3868 wire,
900 3798 954 3854 wie
975 3797 1046 3853 deon
1060 3799 1108 3855 ani
1120 3798 1181 3855 dem
1197 3799 1335 3857 lundein
1350 3796 1427 3857 visu

153 3881 279 3938 nurnero
294 3883 356 3938 lucin
372 3882 453 3938 Wein
468 3898 501 3938 cu
515 3882 692 3954 beknmmcn,
710 3883 830 3940 eundern
845 3901 892 3940 ans
907 3883 983 3939 einer
999 3882 1076 3939 Stadt
1090 3884 1203 3955 gelrolet
1216 3883 1335 3942 werdon
1348 3886 1427 3941 md

155 3968 192 4023 So
207 3973 282 4025 wire
296 3967 346 4024 das
359 3968 515 4025 Sacrament
530 3967 601 4024 doclr
615 3969 797 4025 vollkommen
811 3968 864 4025 uod
879 3968 1068 4040 reehtmissig,
1082 3986 1163 4027 wenn
1177 3969 1273 4041 qloiolt
1286 3966 1427 4028 entered!

154 4051 247 4108 lianoe
258 4053 351 4124 Wein,
366 4054 427 4110 eine
442 4053 522 4109 halba
532 4054 624 4109 Kanna
637 4053 751 4111 lvasser
767 4061 852 4110 misto
866 4054 1017 4125 gemisclnst
1033 4054 1155 4111 werden.
1182 4055 1280 4113 Weiss
1294 4071 1357 4114 man
1367 4044 1427 4113 Μ

156 4137 287 4194 olrnedem
306 4139 396 4209 uiclrt,
421 4140 457 4195 ob
481 4155 540 4195 man
562 4155 609 4195 aus
631 4139 719 4194 elnam
735 4139 924 4196 Weinliellcr
939 4140 1033 4195 reinen
1049 4139 1102 4196 und
1116 4140 1343 4199 unvcrlilsolttsn
1357 4130 1427 4197 W&

155 4220 325 4293 bokommet,
344 4224 397 4281 und
420 4240 479 4279 man
498 4223 568 4279 wind
589 4240 619 4279 es
640 4223 690 4278 olit
710 4224 843 4294 gewahr,
866 4224 929 4281 dass
949 4224 999 4281 der
1020 4225 1101 4281 Wein
1127 4225 1193 4283 ssltr
1215 4210 1427 4284 wrcen-reid

156 4304 321 4362 schmecket.
355 4310 421 4365 item
442 4309 584 4380 qemeiuen
599 4309 690 4364 Volck
713 4310 779 4364 aber
794 4316 897 4365 musteo
911 4310 1005 4367 sololre
1020 4309 1109 4382 Dioge
1122 4310 1177 4381 bey
1191 4310 1376 4384 delegeulroit
1387 4316 1427 4383 p·

156 4393 218 4456 sapt
231 4391 352 4461 werden,
366 4393 439 4463 dass,
454 4411 534 4450 wenc
549 4393 606 4449 sicli
621 4394 714 4450 solche
726 4395 800 4450 Filio
811 4395 947 4465 begeben,
963 4397 1005 4453 sie
1018 4395 1079 4451 siclo
1089 4395 1154 4454 luein
1165 4394 1312 4455 (iewisseu
1322 4394 1427 4459 donli!

158 4472 284 4542 macheu,
304 4476 357 4531 und
375 4478 447 4533 nicht
462 4496 509 4535 nne
521 4478 714 4550 Alterglaubeu
728 4496 761 4537 so
777 4482 840 4538 sehr
854 4496 887 4538 ιιι
902 4481 988 4539 deuon
1003 4480 1211 4554 illitati-Diuque
1224 4482 1356 4557 hugon,
1373 4484 1427 4543 a!

156 4556 223 4614 doru
239 4559 396 4632 uerstindig
410 4561 464 4618 und
477 4563 562 4620 weiss
578 4565 721 4623 werdeu.“
