3046 4926
731 288 782 358 96

117 493 329 550 sacramentum
346 491 408 544 tote
423 485 482 544 rita
497 484 580 563 parui
595 483 722 560 ducens,
743 484 773 545 in
787 492 883 547 morte
896 483 953 544 boc
967 500 1059 564 opere
1075 480 1156 544 bono
1166 483 1301 564 sperauit
1311 484 1391 545 vitan

116 592 183 654 sine
197 588 254 649 fide
267 572 432 664 ingredt.1)
461 585 533 647 Nam
548 595 577 646 et
592 587 703 647 numeri
717 595 747 647 et
761 589 888 648 musicae
901 589 977 648 ratio
987 586 1064 646 illam
1076 585 1391 668 superfluamprobant

115 694 238 756 Praeter
257 689 348 765 hanc,
373 687 422 750 illa
443 689 531 751 valet.
571 688 616 751 Nu
636 689 729 751 bitten
749 708 813 767 wgr
826 690 882 751 den
898 689 1038 767 bepligen
1053 675 1193 767 geyst.²)
1223 672 1309 752 lteur.
1334 687 1392 767 Epa

114 794 246 871 ltindelIn
263 811 298 855 so
311 779 494 868 lubelicb.³)
521 791 593 854 Nam
608 810 666 854 non
680 793 783 853 multas
797 793 940 869 inuenies,
955 811 1030 874 qnae
1043 791 1152 872 aliquid
1166 795 1271 871 gravis
1282 793 1393 873 spiritns

115 899 239 979 sapiant.
268 895 348 956 llaec
360 894 439 972 dico,
452 905 485 956 vt
497 896 573 975 siqui
586 905 655 956 sunt
667 905 775 976 poetae
788 897 959 973 germanici,
975 895 1183 957 extimuleatur
1195 904 1226 957 et
1234 895 1324 959 nobis
1330 912 1393 977 poe

113 1010 190 1063 mata
203 1000 322 1082 pietatis
336 997 451 1058 cudant.

216 1102 296 1163 llaec
313 1101 349 1162 de
363 1099 450 1161 liissa
465 1108 494 1160 et
509 1102 693 1162 commnione
706 1119 761 1181 pro
776 1111 908 1181 tempore
922 1099 998 1161 dicta
1012 1101 1071 1161 sint
1085 1099 1176 1175 satis,
1191 1097 1320 1161 Caetera
1331 1116 1390 1158 mas

115 1216 145 1268 et
158 1225 208 1267 res
221 1209 285 1287 ipsa
299 1203 463 1279 docebunt,
484 1202 572 1264 modo
586 1205 708 1265 verbum
723 1204 769 1265 dei
783 1213 903 1265 strenue
917 1212 948 1263 et
961 1202 1086 1263 fideliter
1098 1205 1126 1264 in
1140 1201 1280 1263 Ecclesia
1293 1219 1391 1263 ansas·

116 1311 220 1372 cietur.
256 1307 328 1368 Nam
344 1305 420 1386 quod
436 1305 733 1386 lortcpetentaliqui,
749 1306 821 1368 baec
830 1306 1085 1385 omniascripturis
1094 1313 1124 1367 et
1134 1303 1283 1386 exemplis
1290 1313 1393 1384 patra!

116 1411 254 1495 probari,
269 1427 329 1470 non
345 1408 464 1470 multum
479 1426 640 1485 monemur,
656 1409 740 1484 Quod
753 1428 839 1489 supra
854 1408 989 1486 diximus,
1003 1410 1033 1468 in
1047 1408 1092 1469 bis
1105 1407 1219 1470 debere
1236 1407 1393 1468 libertatn

114 1516 259 1593 regnare,
280 1521 310 1572 et
328 1530 425 1592 neque
444 1512 560 1590 legibus
580 1529 676 1592 neque
695 1514 825 1592 imperiis
840 1512 927 1572 liccat
944 1511 1140 1572 conscientias
1153 1512 1309 1591 captiuure
1321 1508 1393 1572 Gbr'e

114 1620 234 1680 stianss.
269 1614 354 1677 Vnde
369 1623 398 1675 et
414 1614 486 1675 nibil
501 1614 538 1675 de
551 1614 596 1675 bis
609 1614 697 1675 rebus
710 1617 873 1695 scripturae
888 1614 1039 1690 deliniunt,
1054 1613 1106 1675 sed
1120 1614 1223 1674 sinunt
1235 1612 1392 1674 libertate·

114 1721 236 1803 spiritus
250 1717 398 1779 abundare
412 1736 465 1778 suo
480 1734 587 1794 seusu,
606 1735 662 1797 pro
677 1717 852 1779 comoditate
867 1718 1016 1793 locorum,
1036 1725 1202 1797 temporum
1218 1725 1249 1777 et
1260 1730 1393 1797 persons·

113 1841 194 1900 rum,
218 1822 332 1883 Petrum
347 1838 421 1881 rere
436 1820 572 1900 exempla
586 1822 692 1901 partim
706 1829 774 1881 sunt
787 1823 954 1898 incognita,
969 1821 1136 1895 Quaerere
1150 1828 1223 1880 num
1237 1828 1326 1895 sunt,
1344 1826 1393 1879 ua

114 1927 196 1987 varia
212 1933 290 1999 suut,
304 1932 337 1984 vt
352 1922 424 1983 nihil
439 1924 511 1983 certi
526 1923 613 1983 liceat
629 1924 820 2001 constituere,
833 1921 984 2000 videlicet,
998 1921 1076 2004 quod
1091 1931 1122 1984 et
1135 1922 1192 2002 ipsi
1202 1921 1395 1983 libertatesut

114 2030 161 2088 vsi
184 2036 261 2087 sunt.
302 2026 378 2100 Quin
399 2034 430 2085 ut
449 2026 574 2085 maxime
588 2036 667 2087 certa
683 2035 712 2085 et
726 2026 869 2108 simplicia
882 2034 1000 2104 essent,
1020 2025 1107 2087 nobis
1120 2033 1219 2086 tamen
1233 2042 1292 2086 nee
1303 2023 1394 2102 teges

115 2148 172 2191 neu
185 2129 392 2189 necessitatem
408 2127 537 2187 imitandi
552 2129 746 2207 imponerent.

218 2230 251 2291 ln
265 2228 388 2309 reliquis
402 2228 518 2306 diebus,
534 2247 606 2310 quas
620 2230 708 2291 leriae
722 2248 871 2307 vocamus,
885 2229 957 2293 nibil
972 2231 1072 2304 uideo,
1088 2230 1165 2311 quod
1174 2230 1249 2292 ferri
1261 2245 1322 2291 non
1333 2246 1393 2311 pos·

116 2336 171 2414 sit,
186 2333 273 2396 modo
289 2334 395 2395 missae
410 2331 600 2409 abrogentur.
642 2333 713 2394 Nam
727 2332 885 2394 lletutinae
903 2334 988 2394 trium
1002 2334 1160 2395 lectionum
1175 2343 1207 2394 et
1221 2334 1327 2410 borae,
1341 2339 1394 2393 tan

115 2456 262 2518 vesperae
282 2445 312 2496 et
333 2435 574 2516 completorium,
596 2435 633 2497 de
649 2445 783 2517 tempore
797 2435 941 2512 (exclusis
955 2446 1119 2497 sanctorum
1133 2435 1234 2512 feriis)
1248 2435 1324 2497 nibil
1335 2441 1394 2497 ent

116 2542 173 2603 nisi
192 2542 355 2619 scripturae
375 2537 491 2598 diuinae
511 2539 622 2615 verba,
643 2538 680 2599 Et
699 2539 850 2619 polubrum
868 2541 927 2600 imo
947 2540 1144 2600 necessarium
1160 2548 1217 2617 est,
1232 2554 1393 2619 puerosac

117 2660 257 2705 suescere
279 2639 414 2717 legendis
431 2649 460 2700 ct
474 2641 626 2702 audiendis
641 2640 762 2702 Psalmis
777 2652 806 2702 et
819 2642 996 2703 lectionibus
1012 2643 1106 2722 scrip:
1128 2652 1307 2703 sanctarum.
1343 2638 1392 2700 Vs·

116 2764 179 2807 num
195 2747 219 2805 si
235 2744 388 2823 quicquam
402 2742 451 2803 bic
469 2744 570 2803 nouari
585 2743 689 2819 debet,
708 2744 862 2825 prolixitas
878 2746 979 2806 mutari
995 2754 1095 2826 potest
1109 2745 1232 2807 arbitrio
1247 2742 1391 2826 Episcopi,
1435 2778 1438 2831 3

116 2856 148 2908 ut
163 2856 223 2908 tres
237 2845 339 2928 psalmi
354 2863 408 2925 pro
422 2846 587 2923 matutinis,
604 2855 663 2906 tres
679 2864 733 2926 pro
749 2851 884 2927 vesperis
899 2867 961 2909 cum
976 2866 1035 2910 vno
1049 2848 1097 2909 sel
1113 2847 1227 2910 duobus
1243 2862 1390 2928 responso
1436 2880 1438 2919 ;

116 2951 169 3012 riis
182 2949 383 3011 absoluantur.
422 2948 500 3010 Haec
513 2967 586 3010 vero
602 2966 660 3010 non
674 2949 777 3010 melius
792 2951 981 3029 ordinantur,
999 2970 1083 3031 qnam
1097 2953 1162 3032 ipso
1176 2950 1303 3011 arbitrio
1317 2948 1390 3029 Epis·
1436 3002 1438 3031 ,

118 3055 205 3132 copi,
221 3054 302 3113 cuins
317 3061 363 3112 est
376 3051 510 3130 deligere
524 3055 632 3132 optima
646 3054 675 3113 in
691 3053 901 3134 Responsoriis
920 3064 950 3115 et
964 3054 1142 3136 antiphonis,
1158 3063 1188 3116 et
1204 3053 1243 3114 de
1256 3053 1390 3116 doninica
1434 3070 1438 3133 p

117 3157 147 3217 in
163 3155 336 3216 dominicam
351 3173 406 3234 per
419 3155 628 3216 hebdomadam
643 3156 796 3231 ordinare,
814 3166 846 3216 rt
860 3175 916 3216 nec
930 3160 1016 3219 nimia
1030 3157 1160 3228 eiusdem
1174 3152 1389 3218 assiduitatele
1432 3136 1438 3267 ΙΙ

117 3258 243 3333 stidium,
258 3274 319 3317 nec·
328 3260 414 3318 nimia
429 3260 572 3319 uarietate
586 3268 616 3319 et
629 3258 811 3320 multitudine
825 3269 972 3322 cantuset
984 3261 1143 3322 lectionum
1157 3260 1268 3321 tedium
1281 3259 1389 3340 spiritus
1434 3282 1438 3337 ξ

117 3369 288 3440 generetur.
325 3359 383 3419 Sed
404 3378 459 3440 per
481 3369 579 3439 partes
602 3361 786 3422 distributum
806 3371 897 3423 totum
918 3363 1086 3442 psalterium
1108 3365 1137 3423 in
1152 3381 1204 3424 usu
1218 3370 1349 3437 maneat,
1366 3367 1390 3418 et

115 3465 253 3526 uniuersa
267 3462 411 3541 scriptura
425 3465 454 3522 in
469 3446 606 3524 lectionis
619 3469 742 3544 partita,
756 3475 930 3544 perseueret
944 3469 972 3527 in
987 3466 1104 3527 auribus
1117 3464 1283 3528 Ecclesiae.

218 3564 272 3627 llic
287 3582 371 3642 vero,
388 3564 465 3645 quod
478 3564 549 3625 alias
565 3569 624 3644 egi,
638 3567 783 3643 agendum
798 3577 852 3644 est,
867 3576 898 3628 vt
914 3570 969 3629 iste
983 3578 1085 3630 cantus
1098 3586 1158 3630 non
1171 3570 1211 3628 sit
1223 3576 1334 3628 tautum
1344 3564 1388 3625 lin·

116 3688 174 3748 gua
188 3669 281 3750 loqui,
296 3667 345 3728 rel
359 3669 458 3747 potius
473 3675 581 3728 tentum
596 3670 671 3730 sient
687 3688 777 3731 sonus
792 3671 904 3731 fistulae
919 3681 967 3732 aut
981 3672 1191 3748 cytharaesine
1201 3688 1303 3731 sensu.
1330 3666 1388 3729 lieo

116 3772 312 3834 instituendae
327 3780 395 3831 sunt
411 3770 555 3832 lectiones
571 3771 779 3850 quottidianae,
793 3773 885 3834 altera
901 3793 984 3835 mane
999 3777 1028 3837 in
1045 3792 1122 3836 nono
1138 3774 1187 3834 vel
1201 3774 1298 3835 veteri
1314 3779 1390 3834 testa·

116 3884 228 3952 mento,
242 3875 333 3936 altera
347 3878 476 3955 vesperi,
491 3874 520 3933 io
535 3872 629 3935 altero
646 3884 819 3936 testamento
836 3896 900 3938 cunr
913 3877 1119 3957 explanatione
1127 3876 1297 3939 vernacula.
1320 3874 1392 3937 llum

117 3979 203 4040 ritum
219 3997 286 4039 esse
299 3979 449 4058 antiquum
463 3975 569 4057 probat
582 3987 612 4037 et
626 3997 674 4038 res
690 3988 719 4038 et
733 3979 916 4041 vocabulum.
944 3981 1107 4043 llomiliaiu
1118 3982 1278 4058 matutinis,
1289 3976 1392 4058 etcspi·
1433 3972 1438 4033 ’.

117 4080 207 4141 tulum
220 4083 250 4140 in
265 4083 400 4161 vesperis
415 4089 445 4140 et
458 4079 522 4171 aliis
537 4079 627 4141 boris.
655 4081 773 4141 Scilicet
789 4084 866 4161 quod
877 4082 1033 4145 Christiani
1048 4078 1393 4165 quoties‘connenisseet.

117 4179 226 4261 aliquid
246 4183 386 4260 legebant
408 4193 438 4244 et
457 4183 615 4243 vernacula
631 4184 914 4264 interpretabantur,
934 4204 1035 4265 more,
1056 4205 1141 4268 quem
1156 4185 1275 4247 Paulus.
1289 4180 1320 4244 l.
1335 4183 1394 4246 Gor.

116 4280 195 4342 XIV.
210 4283 359 4348 describit.
393 4286 464 4347 Post
478 4305 619 4348 successu
636 4289 776 4366 temporis
792 4290 920 4368 peioris,
937 4309 1000 4351 cum
1016 4291 1179 4352 delicerent
1192 4289 1360 4372 propbetas
1372 4292 1396 4346 ct

119 4432 325 4445 Ἄ,

179 4506 209 4584 1)
232 4507 309 4565 dont.
325 4515 451 4572 Thesaur.
471 4517 594 4587 llymuol,
610 4517 630 4574 l.
649 4535 675 4590 p.
696 4517 755 4574 lid.
799 4519 829 4598 2)
851 4519 928 4580 Geni.
951 4520 1048 4579 librum
1067 4536 1168 4579 meum:
1188 4518 1400 4593 Enngelisobes

115 4595 410 4667 Kircheugesangbuctr
426 4616 454 4671 p.
468 4599 529 4656 ³19.
572 4602 603 4676 e)
622 4603 662 4658 ct.
682 4620 708 4675 p,
724 4604 768 4662 26.
