3038 4920
694 301 745 371 aa

74 497 136 554 tius
156 511 241 554 ruam
261 502 311 554 aut
330 491 435 554 nullam
458 493 589 573 speciem
604 494 740 572 accipere
753 494 896 571 deberes,
917 515 1000 576 quam
1016 500 1044 556 in
1058 496 1108 557 tali
1123 497 1289 561 obedientia
1302 508 1361 561 tam

74 593 221 674 sacrilega
237 606 268 657 et
280 598 427 676 apostasia
441 596 509 656 fidei
524 583 722 675 accipereill

178 700 321 760 Desinant
335 701 433 778 itaque
447 700 555 759 iactare
568 697 701 761 (lencilia
714 717 779 774 sue,
796 699 855 759 Sed
871 700 994 780 primum
1008 700 1193 777 heclaciant‚
1207 703 1362 765 restituant

75 801 268 880 sacrilegium
290 802 407 863 diuinae
426 800 559 878 gloriae,
583 803 777 863 confiteantur
797 820 866 863 scae
886 803 991 863 Satana
1013 804 1154 879 magistro
1176 805 1362 884 prohibuisse

75 922 162 965 anam
180 906 329 985 speciem,
348 922 417 965 sese
433 922 523 983 super
537 904 622 965 deum
636 905 787 979 siccasse,
809 904 931 965 verbum
946 908 1009 965 eiua
1023 905 1192 984 damnasse,
1209 916 1239 968 et
1254 916 1298 969 tot
1310 925 1363 987 pe·

77 1007 164 1086 pulos
187 1026 241 1087 per
261 1015 304 1068 tot
318 1007 417 1068 secula
431 1006 614 1087 perdidisse,
637 1019 666 1067 et
679 1009 868 1088 penitentiam
883 1017 970 1085 agant
984 1025 1039 1087 pro
1055 1008 1108 1069 bec
1123 1009 1278 1086 tyrannide
1290 1010 1363 1071 indi·

75 1109 174 1171 cibilia
188 1107 368 1171 crudelitatis
382 1117 413 1170 et
426 1112 601 1189 impietatis,
615 1110 651 1171 m
663 1112 804 1186 sanciant,
819 1109 881 1170 Nus
897 1121 979 1171 recte
993 1097 1201 1191 egisse‚⁹qued
1215 1115 1288 1174 citra
1304 1114 1362 1174 imo

76 1221 182 1274 eontra
197 1230 298 1274 aerum
312 1212 448 1288 dogmata
463 1221 605 1293 utrunque
618 1215 747 1292 speeiem
763 1213 913 1275 decuimns
927 1223 957 1275 et
969 1216 1161 1295 sumpsimus,
1175 1233 1232 1276 nec
1245 1216 1362 1277 illerum

77 1314 242 1377 Consilium
257 1317 510 1395 exspectantem,
530 1319 697 1396 gratiasque
711 1326 817 1395 agant,
838 1316 917 1396 quod
930 1316 1045 1377 illarum
1059 1318 1254 1397 perditionem
1270 1327 1300 1380 et
1312 1318 1362 1379 alt·
1426 1399 1429 1409 1

77 1419 286 1479 ominationem
303 1420 386 1497 sequi
405 1418 674 1481 detractauerimus.
715 1419 873 1500 Postquam
887 1419 960 1480 haec
972 1420 1106 1497 iecerint,
1119 1420 1248 1483 libentes
1262 1421 1362 1502 preni-

77 1538 137 1601 qae
155 1538 259 1584 eorum
274 1519 436 1582 Concilium
461 1530 492 1581 et
512 1530 649 1582 statutum
670 1521 855 1584 adorabimus
870 1531 899 1583 et
916 1522 1141 1601 amplectemur,
1158 1523 1278 1585 Interim
1292 1524 1361 1585 dum

78 1624 152 1685 baec
163 1641 224 1686 nen
237 1624 357 1698 iaciunt,
372 1633 501 1704 pergunt
515 1641 588 1685 rere
604 1625 766 1703 postulare,
780 1632 813 1683 ut
826 1641 906 1684 suam
920 1626 1122 1685 auctoritatem
1136 1626 1362 1706 praestolamur,

76 1725 149 1787 nibil
163 1726 295 1787 audimus
306 1770 315 1802 ‚
327 1726 381 1787 sed
395 1728 547 1806 pergimus
565 1734 595 1786 et
609 1744 664 1786 nos
678 1726 824 1787 contraria
836 1725 895 1785 illis
910 1734 939 1784 et
956 1724 1066 1786 docere
1079 1735 1109 1787 et
1123 1727 1239 1803 lacere,
1253 1745 1289 1788 eo
1304 1744 1362 1789 ma·

75 1829 174 1906 xime,
195 1847 254 1907 quo
276 1830 384 1888 scimus
405 1829 448 1888 eis
467 1829 592 1888 maxime
615 1827 782 1909 displicens.
825 1826 898 1887 Nam
917 1827 972 1887 hac
997 1827 1196 1907 postulatione
1216 1829 1361 1891 diabolica

76 1931 147 2011 qnid
164 1929 334 2010 postulant,
349 1930 404 1990 nisi
421 1938 453 1989 rt
465 1947 520 1991 ees
533 1948 621 2009 supra
634 1930 731 2009 deum,
746 1930 836 1992 uerba
854 1946 955 1990 eorum
968 1948 1056 2008 supra
1071 1930 1162 1990 rerba
1178 1930 1225 1991 dei
1238 1930 1363 1993 extolia-

76 2051 151 2110 mus,
170 2041 202 2093 ct
215 2032 301 2093 nobis
316 2041 451 2111 pertenta
463 2032 606 2095 laruarum
620 2052 735 2096 suarum
749 2051 804 2114 pro
819 2032 906 2094 idolis
920 2033 988 2094 loeo
1003 2032 1050 2094 dci
1059 2031 1224 2113 ponamus?
1237 2052 1302 2096 cum
1312 2052 1363 2095 re·

77 2135 162 2198 limus
179 2152 235 2196 aas
251 2143 342 2195 totum
356 2134 491 2196 muudum
506 2134 562 2196 deo
578 2137 663 2197 subdi
678 2145 707 2196 et
721 2136 882 2197 obnoxium
895 2135 968 2196 lieri.

179 2236 299 2300 Cantica
319 2237 408 2298 velim
430 2239 516 2300 etlam
532 2239 617 2300 nobis
632 2257 699 2300 esse
713 2238 868 2300 vernacula
884 2237 1125 2318 quamplurima,
1143 2257 1219 2319 quae
1234 2237 1362 2319 populus

78 2341 132 2402 snb
152 2342 242 2401 missa
262 2348 411 2417 canterat,
433 2341 481 2402 val
502 2343 581 2401 iuxta
603 2342 770 2420 gradualia,
790 2343 860 2401 item
880 2343 962 2402 iuxta
982 2341 1109 2402 Sanctus
1132 2350 1163 2401 et
1179 2341 1282 2418 agnas
1304 2341 1362 2405 dei.

79 2445 151 2519 Quis
166 2445 243 2504 caim
259 2442 386 2518 dubitat,
407 2460 458 2504 ees
472 2442 542 2504 elim
556 2444 649 2528 luisse
668 2462 758 2505 voces
773 2445 862 2506 totius
876 2442 995 2524 populi,
1009 2460 1084 2523 quae
1099 2462 1176 2505 nunc
1190 2443 1271 2503 solus
1286 2441 1363 2504 Cho·

78 2565 126 2608 rus
147 2555 246 2607 cantat
267 2545 316 2606 rel
338 2545 500 2626 respondet
515 2546 664 2629 Episcopo
685 2547 872 2608 benedicenti
881 2544 896 2606 ‘l
928 2546 1055 2607 Poscant
1078 2563 1152 2608 rere
1170 2548 1226 2607 ista
1250 2546 1363 2607 cantica

79 2651 120 2710 sic
132 2665 187 2729 per
199 2648 377 2729 Episcopum
393 2649 539 2727 ordinari,
553 2659 585 2710 vt
601 2651 650 2711 vel
664 2649 748 2719 simul
765 2659 833 2731 post
846 2648 951 2710 latinas
965 2651 1129 2725 cantiones,
1146 2648 1194 2710 rel
1212 2665 1268 2729 per
1280 2650 1362 2709 uices

79 2752 206 2829 dierum,
224 2769 302 2812 nunc
316 2750 423 2827 latine,
436 2770 515 2813 nunc
528 2753 683 2814 uernacula
698 2762 902 2829 cantarentur,
917 2753 1011 2814 donec
1027 2761 1087 2814 teta
1100 2751 1189 2813 llisaa
1203 2750 1361 2811 uernacula

81 2855 171 2915 lieret
210 2855 270 2915 Sed
286 2862 393 2934 poetae
405 2854 490 2916 nobis
505 2855 627 2933 desunt,
649 2866 698 2916 aut
712 2856 838 2917 nendum
853 2856 966 2932 cogniti
979 2864 1066 2932 sunt,
1091 2856 1140 2934 qui
1155 2857 1217 2934 pias
1233 2863 1263 2913 et
1276 2853 1362 2933 spiri·

81 2956 177 3017 tuales
190 2957 351 3018 cantilenas
364 2954 413 3031 (at
426 2957 532 3018 Paulus
550 2958 652 3035 vocat)
667 2959 753 3020 nobis
767 2960 963 3032 concinnent,
978 2974 1053 3037 quae
1068 2957 1176 3033 dignae
1187 2958 1248 3017 sint
1262 2957 1292 3016 in
1307 2955 1362 3017 Eo·

83 3058 173 3119 alesia
194 3058 241 3119 dei
253 3060 453 3139 frequentari,
473 3059 590 3121 Interim
605 3061 703 3141 placet
714 3060 791 3122 illam
804 3058 914 3122 cantari
927 3068 998 3139 pest
1011 3060 1254 3121 communionem.
1292 3057 1363 3123 dett

81 3180 136 3238 say
155 3159 277 3238 gelabet
297 3162 355 3242 und
375 3163 584 3240 gebenedeyet
600 3166 653 3224 der
667 3183 720 3224 uns
733 3163 834 3224 selber
847 3162 909 3223 batt
920 3171 1085 3241 gespeyset
1100 3147 1226 3237 atet.²)¹
1249 3161 1363 3223 Omissa

79 3266 133 3326 ista
147 3266 298 3344 particula.
333 3264 398 3325 llud
414 3265 465 3326 das
481 3265 601 3344 heylige
616 3274 813 3341 sacramente,
831 3285 867 3328 an
881 3283 999 3327 snserm
1012 3266 1121 3328 letaten
1136 3263 1228 3343 enda,
1243 3282 1295 3327 aus
1308 3262 1362 3325 des

78 3376 257 3445 geneyeten
272 3368 414 3448 priesters
429 3368 535 3447 hande,
552 3388 626 3450 quae
641 3369 756 3431 adiecta
771 3377 818 3429 est
831 3370 866 3429 ab
877 3368 974 3448 aliquo
984 3368 1298 3445 dliarbaraecultcre,
1312 3366 1361 3446 qui

138 3577 170 3655 t)
186 3581 215 3637 ln
233 3582 274 3637 his
290 3585 368 3639 melta
384 3590 540 3653 occurrunt,
556 3600 625 3656 quaa
638 3599 811 3656 summepere
824 3583 969 3656 displicent
983 3582 1009 3639 in
1025 3583 1100 3653 viro,
1116 3581 1161 3656 qui
1175 3582 1267 3655 paucis
1285 3578 1362 3634 annis

77 3674 139 3723 ante
154 3667 190 3722 ad
207 3667 365 3740 Concilium,
380 3676 474 3743 utpote
489 3670 668 3727 ecelesiastici
684 3669 802 3726 vulneris
816 3669 944 3742 optimum
958 3668 1105 3725 remedium
1119 3669 1178 3741 ipse
1190 3666 1361 3734 confugerat.

78 3751 194 3808 accedit
214 3753 288 3824 quud
311 3755 437 3810 nonnulla
460 3755 545 3825 magis
568 3755 742 3828 pertinaciam
767 3755 873 3827 sapiunt
897 3771 974 3828 quum
997 3753 1158 3813 laudabilem
1173 3748 1370 3807 constantiam.¹

78 3837 194 3910 Tamen,
216 3844 245 3892 ut
265 3839 372 3911 saepius
394 3840 557 3911 monuimus,
578 3856 632 3895 non
649 3839 794 3910 asingulis
808 3839 877 3896 lucis
890 3839 1017 3896 iudicium
1033 3837 1142 3896 lutheri
1158 3832 1303 3891 eruendum
1319 3836 1363 3887 est

79 3921 126 3978 aad
142 3938 159 3978 e
174 3922 257 3978 totius
273 3922 412 3979 doctrinae
426 3924 546 3995 ingenio.
1208 3924 1212 3933 ·

125 4003 167 4083 ¹t)
188 4008 304 4079 Fabula,
326 4011 393 4065 alies
416 4011 449 4065 ab
471 4010 594 4065 omnibus
615 4007 673 4064 lere
692 4008 848 4080 venditata,
866 4016 929 4065 ante
943 4008 1051 4065 Lutberi
1072 4015 1194 4076 tempora
1218 4000 1362 4057 eeclesiam

78 4107 192 4163 prorsus
211 4094 333 4150 cernuae
354 4096 468 4152 canticis
487 4110 613 4152 sermone
633 4096 778 4150 vernaculo
794 4094 952 4167 compositis
966 4094 1018 4149 iam
1033 4091 1130 4147 dudum
1144 4088 1184 4143 illi
1198 4086 1283 4144 cessit
1298 4085 1362 4159 luci,

79 4193 147 4248 quae
163 4177 403 4251 Wackernagel,
419 4180 568 4237 liubmanni
584 4180 750 4252 aliorumque
764 4181 841 4236 libris
856 4179 917 4234 huic
933 4165 1105 4249 disputationi
1120 4172 1228 4228 ndulsit.
1257 4171 1361 4245 Nuper·

79 4262 144 4317 rime
168 4262 196 4318 in
211 4262 361 4319 doctrinam
375 4265 408 4321 de
425 4267 531 4322 cantico
548 4281 627 4322 sacro
643 4272 704 4321 ante
718 4266 858 4321 lutherum
875 4279 937 4317 cura
953 4261 1072 4316 incubuit
1087 4259 1267 4328 llblscherus,
1281 4257 1362 4329 Gym-

79 4345 146 4402 nasii
159 4347 388 4419 licclalinghusani
401 4349 514 4422 Collega
529 4351 601 4421 „lies
616 4349 744 4407 deutsche
758 4345 930 4406 llirehenlied
946 4361 996 4400 vor
1008 4345 1057 4401 der'
1068 4343 1250 4401 lleiormetiou
1262 4340 1362 4405 natm

80 4433 149 4489 Sane
164 4432 192 4487 id
208 4441 311 4489 certum
324 4441 366 4490 eat
383 4452 518 4492 numerum
532 4437 639 4492 illorum
654 4435 799 4492 carminum
813 4432 895 4487 luisse
907 4430 973 4485 satis
985 4430 1129 4504 exiguum,
1143 4430 1250 4488 summis
1261 4436 1362 4487 tautum

81 4516 271 4575 inanitatibus
289 4521 531 4579 accommodatum:
551 4520 763 4578 celebratissima
778 4518 839 4588 ipse
853 4531 938 4588 supra
952 4515 1044 4575 laudat
1058 4518 1206 4593 tumeres,
1228 4516 1288 4574 iera
1302 4530 1362 4572 ona-

83 4602 152 4659 nium
165 4604 366 4676 paraphrastes.

1430 4650 1517 4716 'u
