3046 4926
504 1486 542 1572 C
571 1483 613 1572 A
642 1483 680 1571 P
710 1485 754 1573 U
784 1483 826 1572 T
886 1483 945 1570 ll.

271 1659 447 1729 crocces
474 1660 627 1752 offacit·
650 1656 842 1727 Matutine
869 1650 1179 1750 praeceperat)

653 1817 791 1826 ——-—.--

118 1915 377 1998 l.0R1)NUNG
398 1924 492 1998 VND
516 1927 645 2000 FOPdll
661 1927 750 2001 DES
769 1924 977 1999 GESANGS
1000 1922 1096 1998 ZUM
1117 1920 1246 1997 ΑΜΡΤ
1269 1921 1364 1994 DER

117 2031 375 2138 commumoni,
404 2043 544 2118 BEIDE
576 2045 700 2118 AUFF
725 2045 804 2118 DIE
826 2043 976 2120 FESTA
1002 2044 1096 2117 VND
1127 2040 1364 2118 GEMEINEN

594 2163 850 2239 SONNTAGE.

130 2323 330 2427 lingenda
347 2333 486 2406 Henrioi
505 2336 610 2408 Ducis
627 2321 799 2409 Senoniae
818 2357 906 2409 anno
927 2337 1026 2408 1539
1043 2335 1143 2409 edita.
1174 2332 1240 2407 HS.
1260 2328 1337 2429 1.²)

184 2503 361 2577 introitum
383 2525 462 2597 mag
483 2527 561 2577 man
583 2504 696 2576 hulten
720 2505 763 2576 do
787 2505 970 2602 Tempore,
997 2526 1067 2579 von
1090 2505 1152 2578 dor
1173 2478 1364 2595 Dominica‚

103 2630 289 2656 κ...-

152 2707 179 2784 1)
197 2709 255 2765 llon
276 2709 394 2780 cogitari
416 2726 497 2783 porse
512 2710 598 2768 cullue
612 2711 750 2769 christiani
763 2712 881 2771 olllcium
895 2711 1057 2769 dominicale
1071 2712 1115 2769 vcl
1130 2711 1270 2785 lecticam,
1291 2708 1363 2782 quod

101 2794 239 2852 remissie
252 2795 422 2851 orationihus
438 2803 465 2851 et
479 2795 591 2853 canticis
605 2797 721 2869 publime
731 2814 763 2853 ac
774 2799 907 2856 concione
917 2813 971 2854 non
983 2805 1078 2869 surgat
1089 2797 1123 2853 ad
1134 2797 1256 2855 coeleste
1268 2810 1364 2852 sacrae

101 2886 188 2936 menae
208 2879 381 2953 convivium,
402 2879 430 2936 id
450 2881 484 2936 ab
505 2881 627 2937 omnihus
647 2882 691 2955 qui
711 2883 781 2940 bene
796 2891 893 2940 norunt
908 2882 1076 2939 Christianae
1093 2883 1226 2940 ecclcsiae
1241 2880 1364 2951 origine·

101 2987 133 3003 =
146 2981 214 3047 unua
235 2964 334 3022 ealdcit
349 2965 465 3022 lustinus
486 2973 586 3037 martyr
599 2967 681 3042 Apol.
696 2967 717 3023 1.
733 2982 757 3025 c.
771 2968 805 3026 ol
819 2997 861 3009 -—
876 2967 921 3040 qui
935 2969 1021 3024 cultus
1034 2969 1173 3024 notionem
1189 2974 1270 3039 atque
1284 2965 1362 3036 inge·

101 3047 160 3103 rium
175 3049 346 3122 perspiciunt,
363 3049 485 3107 lubenter
496 3051 662 3109 conceditur.
691 3051 728 3107 At
741 3068 808 3109 vcro
823 3052 959 3109 delerruit
971 3052 1032 3126 pius
1046 3051 1094 3107 illa
1107 3051 1253 3109 animorum
1269 3049 1363 3121 ardor,

101 3148 145 3205 ruo
158 3133 251 3206 primia
265 3135 395 3192 ecciesiae
408 3136 525 3193 sacculis
540 3136 634 3193 lidelea
649 3136 684 3192 ad
697 3153 815 3193 mennam
825 3136 932 3193 Domini
943 3136 1110 3193 accedebant
1121 3135 1241 3210 quotidie
1253 3136 1296 3192 vel
1308 3135 1364 3192 eal·

101 3235 142 3274 em
156 3220 277 3275 omnibns
290 3220 386 3277 dicbus
403 3220 545 3277 dominicis
560 3238 593 3276 ac
607 3222 694 3282 laelio.
736 3221 805 3289 Quid
821 3219 994 3280 laciendum?
1032 3222 1150 3279 llomcna
1165 3222 1281 3280 ecclesia
1296 3236 1362 3294 pro-

101 3312 147 3375 pter
159 3304 310 3362 doctrinam
323 3306 358 3361 de
372 3306 470 3363 lliasae
484 3306 620 3364 caurilicio
635 3323 689 3363 non
705 3307 738 3363 ad
754 3307 866 3364 eosdem
880 3309 1009 3382 scopulos
1023 3323 1118 3363 navem
1132 3308 1271 3381 appellere
1286 3306 1362 3363 vide-

101 3391 178 3447 ortui
194 3407 249 3447 non
264 3391 460 3453 communicent
473 3391 582 3465 fideles,
598 3398 685 3448 umen
699 3391 811 3449 ollertur
826 3399 853 3448 et
867 3392 1044 3449 communicat
1056 3393 1195 3452 sacerdos.
1233 3394 1272 3450 Ar
1285 3407 1363 3462 voro,

101 3474 179 3531 urdine
190 3476 288 3534 licere
303 3476 330 3532 in
343 3477 430 3550 priori
439 3478 524 3534 ‘lorno
538 3477 672 3554 perlecto,
687 3476 835 3549 intelligee,
846 3476 943 3535 iliacae
958 3478 1097 3535 orationes
1112 3480 1169 3537 lere
1180 3494 1287 3552 semper
1297 3492 1362 3549 per·

101 3557 169 3617 inere
180 3560 215 3617 ed
228 3562 322 3634 populi
337 3561 539 3634 multitudinem,
550 3561 642 3618 divino
654 3562 717 3618 cibo
728 3563 865 3620 satiatam:
879 3569 1044 3636 quapropter
1056 3564 1130 3621 multi
1141 3565 1217 3621 liuius
1228 3559 1363 3618 eccleciae

101 3642 213 3703 lectoren
226 3646 400 3703 vehementer
415 3654 519 3721 optant,
535 3654 563 3703 ut
576 3664 683 3720 sempor
697 3647 788 3705 adsint
801 3647 845 3720 qui
859 3647 930 3705 inter
940 3647 1046 3706 illesam
1061 3666 1159 3723 corpus
1171 3646 1277 3705 Domini
1289 3641 1363 3700 acci·

101 3728 166 3801 piant
209 3731 278 3792 cod.
293 3732 344 3789 lit.
358 3733 378 3789 l.
395 3749 421 3805 p.
440 3733 490 3789 llo
503 3749 544 3805 eq.
572 3730 714 3789 Ecclesiae
728 3733 891 3791 lutheranae
911 3733 939 3790 in
957 3734 1009 3790 hac
1026 3734 1181 3791 dilllcillimr
1204 3728 1362 3804 quaestione

101 3817 242 3873 metentium
256 3818 327 3874 heae
342 3818 453 3889 exponit
466 3816 627 3874 liliolollrins
642 3817 661 3876 l.
675 3834 698 3875 c.
712 3835 741 3891 p.
753 3817 789 3873 89
801 3837 843 3891 aq.
871 3819 938 3895 „Sic
952 3820 999 3876 hat
1016 3838 1046 3877 aa
1061 3820 1100 3875 ele
1114 3816 1211 3875 idcelle
1224 3810 1362 3871 Aulorde·

101 3912 156 3971 mg
166 3901 346 3975 lriogcatellt,
360 3902 468 3959 eowolrl
483 3903 525 3959 lllr
540 3900 591 3959 den
607 3901 800 3975 (lottcudlenet,
815 3902 879 3961 daea
894 3922 925 3961 er
940 3905 1013 3962 nicht
1027 3904 1097 3962 ohne
1113 3899 1288 3959 communion
1302 3895 1362 3954 acin

101 3982 179 4055 inte,
198 3988 240 4044 ala
252 3987 320 4044 auclr
334 3988 376 4051 lllr
391 3987 436 4045 dic
451 3986 610 4056 (leucinde,
625 3986 689 4045 daea
702 3987 852 4047 immcrlort
865 3988 908 4046 cin
924 3990 1035 4062 llunger
1049 3988 1117 4045 nach
1134 3987 1193 4043 dom
1207 3984 1363 4041 sacrament

101 4067 167 4129 irmr
179 4072 239 4128 eein
254 4072 308 4129 und
321 4089 356 4130 ao
370 4072 420 4129 der
435 4073 514 4130 Tiuclr
528 4064 577 4130 dee
592 4073 680 4130 llcrrn
693 4074 738 4130 uie
754 4073 824 4131 ohne
838 4074 920 4132 Glete
936 4075 1044 4131 hleiben
1059 4072 1146 4128 ddrle.
1185 4069 1249 4127 Dice
1263 4067 1309 4123 luat
1321 4065 1362 4124 eie

101 4153 204 4214 ladmen
223 4159 344 4230 gethan,
367 4158 431 4215 daea
450 4157 491 4216 cic
512 4158 539 4214 in
564 4158 635 4214 allon
649 4157 783 4230 Agendum
798 4175 852 4217 von
866 4160 970 4217 tchtem
985 4159 1073 4230 Typua
1087 4156 1140 4213 den
1154 4152 1362 4225 conutigliclen

101 4239 358 4316 lnptgottesdicnst
379 4244 406 4300 in
429 4242 479 4300 dcr
498 4243 736 4317 Vorauaectaong‚
759 4244 823 4303 drea
843 4244 1077 4302 communicantem
1100 4239 1158 4299 seia
1181 4246 1288 4296 mdeaen
1308 4236 1362 4294 und

101 4328 206 4400 iarden,
219 4345 252 4386 so
267 4328 374 4400 ordnet,
390 4328 454 4387 daeo
465 4328 509 4385 die
518 4327 770 4387 Abendmahleleicr
783 4329 861 4387 darin
874 4329 953 4386 einen
965 4324 1171 4399 intcgrircnden
1179 4323 1253 4381 lheil
1267 4321 1361 4381 hildet

144 4428 176 4507 2)
189 4431 289 4488 Damus
304 4429 417 4489 aliarum
434 4429 608 4506 ligandorum
625 4432 703 4490 locoe
723 4433 886 4505 paralleloe,
908 4430 953 4504 qui
972 4433 1066 4485 notatu
1081 4427 1156 4498 digni
1170 4426 1304 4500 videntur,
1318 4427 1360 4484 ni·

101 4514 177 4661 dag
195 4517 239 4660 Ρὸ.
255 4519 292 4657 {a
295 4517 370 4660 iiten
371 4517 490 4660 5251.
505 4516 566 4575 526.
595 4517 639 4574 Br.
655 4516 717 4573 628.
745 4518 796 4575 llll.
813 4521 836 4573 l.
854 4517 913 4574 533.
945 4514 993 4573 W.
1008 4517 1033 4570 1.
1048 4513 1109 4571 533.
1139 4513 1167 4571 Ρ.
1184 4518 1208 4569 l.
1223 4514 1283 4570 535.
1313 4510 1361 4568 W.

178 4683 222 4758 n.
905 4626 913 4643 ’
1134 4678 1162 4761 a
