3046 4926
762 320 810 392 82

142 514 259 580 Gbristo
274 512 412 575 diuinitus
425 513 596 575 institutum.
645 513 703 588 Qui
716 471 769 575 abb
785 517 851 594 ipso
866 511 983 575 cbristo
998 514 1131 593 primum,
1145 512 1263 575 Deinde
1277 513 1325 575 sul

141 618 237 694 stolis,
250 616 466 696 simplicissime
479 626 566 696 atque
580 616 722 696 piissime,
736 617 846 698 absque
860 616 927 678 vltis
941 615 1156 694 additamentis,
1170 616 1325 679 obseruata

112 712 118 744 ¹
140 719 202 783 Sed
219 736 361 781 successu
378 729 560 800 temporum,
583 728 627 780 tot
645 719 776 781 humanis
798 720 928 781 inuentis
941 728 1059 791 auctus,
1084 728 1254 802 utpraeter
1268 738 1325 782 uon

139 830 241 886 nostru
255 821 371 884 saecula
384 822 457 884 nibil
471 821 509 883 de
521 823 608 883 missa
622 831 652 882 et
666 824 868 884 communione
881 823 1061 903 peruenerit.

239 928 284 987 Ac
293 927 569 1006 primorumpatrurn
578 922 753 1003 additiones,
764 918 1094 1005 quivnuurautalterum
1104 922 1248 1003 psalmum
1258 933 1325 987 aute

137 1028 297 1091 dictionem
312 1029 514 1109 panisetvini‚
523 1026 583 1089 leui
595 1046 671 1116 voqe
680 1046 781 1090 orasse
795 1025 1217 1106 („mitbeimlicherStimmei
1226 1025 1266 1103 “)
1275 1027 1325 1107 leg

136 1129 402 1209 landabiles‘iuere,
410 1130 512 1211 quales
522 1129 696 1192 Athanasius
705 1140 735 1192 et
745 1130 1004 1212 Cypriannsiuisse
1013 1139 1158 1210 putantur.
1178 1130 1325 1213 Deinde,q

136 1232 471 1312 rielelsousddiderunt,
485 1243 516 1295 et
524 1234 580 1315 ipsi
589 1232 715 1313 placent.
739 1233 1238 1311 NemsubBasiliomagno‘legimas
1246 1232 1325 1311 llyrit

137 1323 1324 1418 sonluisseiuvsutotinspopulipubltco¹),lamEpistolarumetEuungeliorurn

138 1441 226 1500 etiam
239 1441 405 1501 necessarie
418 1439 473 1500 luit
487 1449 517 1500 et
531 1449 587 1517 est,
600 1442 656 1501 nisi
671 1439 749 1520 quod
762 1442 869 1501 vicium
882 1441 921 1500 sit
936 1458 971 1499 ea
984 1438 1084 1516 linga
1091 1439 1162 1515 legi,
1176 1439 1325 1518 quaerulq

136 1541 320 1620 intelligitur.
356 1541 428 1603 Post
448 1559 520 1604 uero
537 1541 586 1604 rbi
599 1552 700 1603 cautos
715 1544 810 1623 cepit,
825 1544 924 1603 mutati
939 1551 1006 1604 sunt
1019 1540 1122 1622 psalmi
1136 1543 1166 1601 iu
1180 1544 1325 1605 introitu

138 1645 254 1707 additus
278 1653 324 1707 est
337 1643 459 1722 hymnus
475 1645 525 1706 ille
539 1645 708 1723 angelicus,
734 1646 833 1708 Gloria
848 1647 876 1706 iu
893 1645 1043 1720 excelsis,
1058 1643 1095 1704 Et
1109 1646 1137 1704 in
1152 1653 1233 1705 terra
1247 1664 1316 1727 pem

136 1748 285 1827 gradualia
299 1757 329 1809 et
342 1747 458 1809 alleluia
473 1757 502 1808 et
516 1748 680 1825 symbolum
694 1748 853 1810 Nicenum:
870 1748 1005 1808 Sanctus.
1032 1746 1134 1825 dgnus
1148 1747 1208 1811 dei.
1239 1748 1325 1811 Οιιιιιι

136 1852 202 1926 Que
215 1852 311 1912 omnia
325 1850 393 1911 talia
406 1861 491 1927 sunt,
509 1859 541 1910 vt
555 1850 734 1929 reprehendi
749 1869 807 1913 non
824 1853 955 1933 possint,
976 1852 1131 1930 presertim
1146 1869 1222 1929 quae
1236 1852 1275 1912 de
1288 1861 1325 1914 tet

136 1970 189 2014 seu
209 1952 363 2014 dominicis
383 1952 487 2013 diebus
507 1960 670 2014 cantantur.
706 1954 762 2028 Qui
784 1952 847 2014 dies
862 1953 919 2015 soii
935 1952 1030 2015 adbuc
1043 1953 1194 2033 pristinam
1208 1956 1325 2034 puritatt

135 2063 258 2130 utentur,
274 2062 402 2133 excepto
417 2052 546 2115 cunone

237 2159 277 2216 At
289 2154 339 2215 vbi
353 2157 408 2215 iarn
423 2155 541 2216 licentis
558 2155 646 2216 luebat
657 2153 782 2217 addendi
797 2165 827 2215 et
841 2157 968 2217 mutandi
983 2176 1037 2238 pro
1051 2167 1083 2237 vt
1094 2160 1187 2220 cuiuis
1197 2157 1316 2243 libebat,

137 2256 225 2319 dente
247 2267 305 2320 tum
326 2266 358 2319 et
372 2267 511 2338 quaestus
525 2269 555 2320 et
568 2258 736 2320 ambitionis
749 2257 939 2319 sacerdotalis
958 2260 1129 2338 tyrannide,
1151 2271 1210 2322 tum
1222 2278 1325 2341 cepero

135 2364 208 2424 urta
227 2361 277 2423 ille
291 2374 321 2423 et
334 2361 460 2440 iusignia
474 2361 543 2423 llaal
558 2371 588 2423 et
602 2362 730 2424 omniurn
744 2362 865 2424 deorum
877 2364 949 2442 poni
964 2364 1102 2442 templum
1116 2362 1227 2425 domini
1242 2382 1299 2444 per
1311 2365 1325 2424 i:

134 2482 223 2543 reges
243 2474 381 2542 nostros,
399 2466 477 2527 idest
489 2464 663 2546 Episcopus
677 2475 706 2524 et
725 2473 872 2546 pastores.
900 2463 955 2524 llic
975 2465 1093 2527 sustulit
1113 2468 1220 2546 impius
1233 2467 1314 2529 Abas

134 2584 269 2643 aereum,
289 2575 319 2627 et
338 2569 490 2628 constituit
504 2567 581 2630 aliud
596 2585 614 2627 e
628 2568 769 2629 Damasco
784 2569 924 2649 petitum,
949 2565 1056 2646 loquor
1069 2574 1163 2628 autem
1178 2567 1217 2628 de
1232 2568 1325 2631 Canon

135 2668 234 2730 lacero
256 2677 285 2729 et
307 2668 510 2747 abominabili,
530 2688 568 2730 ex
588 2670 742 2730 multorum
762 2670 875 2732 lacunis
899 2688 952 2730 ceu
975 2674 1091 2732 sentina
1112 2671 1258 2749 collecto,
1277 2670 1319 2735 ibi

120 2773 222 2832 'ruisse
242 2771 307 2831 lieri
328 2771 519 2848 sacrificium,
539 2773 578 2832 ibi
594 2772 689 2835 addita
706 2773 855 2836 offertoria
870 2782 899 2833 et
914 2773 1058 2834 collectae
1072 2777 1291 2852 metonomice,
1309 2773 1325 2837 il

134 2875 272 2956 quentiae
296 2883 327 2935 et
349 2890 456 2954 prosae
475 2877 553 2936 iuter
567 2877 692 2937 Sanctus
713 2885 743 2938 et
758 2876 857 2937 Gloria
876 2878 903 2936 in
925 2876 1054 2937 excelsis
1074 2879 1214 2940 insertae.
1253 2876 1325 2939 Τιιιιι

134 2979 221 3038 missa
245 2970 313 3037 esse
333 2977 534 3057 monopolium
554 2978 755 3055 sacerdotale,
780 2981 870 3039 totius
884 2978 981 3039 mundi
996 2998 1068 3058 opes
1083 2980 1280 3058 exhauriens,
1299 2979 1325 3043 di

134 3081 431 3161 ociosos‚·potentes
455 3090 485 3143 et
507 3081 710 3163 voluptuarios
730 3092 760 3143 et
779 3082 942 3143 immundos
960 3081 1028 3143 illos
1048 3083 1180 3144 coelibes
1195 3091 1260 3145 toto
1275 3082 1325 3146 orb

134 3185 297 3244 uastitatem
311 3181 438 3243 ultimum
453 3185 614 3245 exundans.
651 3184 726 3245 ilinc
739 3184 847 3245 blissae
861 3202 914 3263 pro
928 3184 1089 3261 deiunctis,
1105 3204 1159 3267 pro
1175 3185 1325 3247 itineribus

134 3285 248 3365 opibus.
272 3284 309 3345 Et
322 3287 387 3366 quis
401 3286 469 3346 illos
484 3286 584 3347 titulos
594 3286 676 3348 solos
687 3296 831 3362 numeret,
843 3305 964 3366 quornm
976 3289 1062 3350 missu
1076 3288 1151 3349 lucta
1162 3297 1208 3348 est
1219 3288 1325 3365 sacriba

234 3385 336 3468 Neque
352 3388 440 3449 hodie
454 3400 550 3450 cessat
565 3388 665 3451 Cenon
680 3392 737 3450 iste
750 3391 868 3468 augeri:
884 3390 948 3450 aliis
962 3400 993 3451 et
1006 3390 1071 3450 eliis
1086 3392 1171 3452 iestis
1184 3391 1259 3452 alias
1273 3393 1325 3454 ucti

132 3488 206 3551 elios
221 3488 474 3552 Communicentes
491 3494 649 3554 asciscens.
685 3491 723 3552 Vt
737 3500 845 3553 taceam
861 3495 1014 3553 memorius
1028 3495 1161 3554 uiuorum
1179 3501 1208 3553 et
1222 3503 1325 3556 rnortu

132 3591 260 3653 nondum
279 3592 315 3653 ad
337 3593 422 3654 linem
436 3596 480 3654 sui
495 3604 603 3655 auctas.
642 3593 713 3655 Nam
728 3593 922 3655 additamenta
936 3606 1077 3670 externa,
1099 3598 1245 3674 vestium,
1270 3615 1325 3660 uas

88 3778 89 3782 Ἰ
132 3712 301 3773 cereorum,
320 3695 478 3776 paliurum,
491 3696 599 3758 deinde
614 3692 791 3775 organorum
806 3706 836 3756 et
850 3676 940 3758 totius
954 3701 1092 3776 musicae,
1107 3701 1277 3778 imaginum,
1290 3720 1325 3782 qu

131 3794 217 3859 cami
255 3796 333 3858 Nibil
347 3816 424 3878 pene
437 3799 492 3860 luit
504 3802 533 3860 in
547 3808 611 3861 toto
627 3800 701 3862 orbe
714 3799 914 3877 artificiorum,
930 3800 1008 3881 qnod
1022 3820 1080 3864 non
1095 3820 1198 3880 magua
1213 3819 1253 3863 ex
1268 3815 1325 3884 peu

131 3901 255 3979 negocia
269 3918 304 3961 ao
320 3920 400 3961 suum
415 3910 565 3982 quaestum
579 3902 700 3964 baberet
714 3912 744 3963 et
758 3923 775 3964 e
789 3905 876 3964 missa
889 3904 1027 3964 aleretur.

231 4002 412 4064 Transieriut
430 4006 527 4084 itaque
541 4007 596 4065 ista
611 4016 641 4066 et
654 4006 748 4068 adbuc
763 4015 931 4083 transcant,
957 4005 1109 4068 reuelante
1123 4005 1325 4086 Euangeliou

129 4106 264 4166 nationes
284 4114 378 4166 tantas
401 4105 498 4168 donec
519 4111 634 4187 penitus
654 4109 836 4171 aboleantur.
876 4108 938 4171 Nos
957 4111 1073 4171 interim
1097 4112 1192 4172 onmia
1212 4110 1325 4191 probel

129 4206 208 4288 quod
224 4208 330 4270 bonum
346 4217 416 4288 est,
429 4211 602 4271 tenebimus.
637 4211 744 4272 Verum
762 4213 818 4272 hoc
832 4211 908 4273 libro
925 4213 1025 4274 dicere
1042 4215 1198 4275 omittimus
1211 4212 1325 4276 biisssu

128 4310 301 4371 sacrificium
321 4330 374 4372 seo
389 4330 462 4391 opus
485 4313 611 4388 bonnm,
633 4313 711 4393 quod
730 4314 800 4373 alias
814 4314 930 4376 abunde
945 4317 1105 4379 docuimus.
1150 4316 1325 4396 Apprebent

130 4426 192 4469 ιιιιιιι
208 4422 239 4472 ut
252 4423 462 4476 sacramentum
477 4434 529 4477 seu
544 4425 758 4494 testamentum,
775 4435 827 4479 seu
840 4416 1077 4482 benedictionem
1087 4420 1188 4498 latine,
1203 4419 1325 4486 Eucbar

192 4620 221 4698 1)
236 4622 304 4678 (lod.
321 4625 368 4682 bit.
382 4623 414 4694 Ι,
429 4641 458 4697 p.
472 4627 515 4680 at.
