3046 4926
773 275 821 344 92

158 475 256 535 stituta
271 480 316 532 est
331 478 360 529 et
375 485 411 529 eo
426 470 543 529 nomine
558 476 689 529 vocatur.
718 467 753 526 Vt
769 468 845 527 enim
860 464 1197 543 longeabsurdisaimnm
1208 474 1265 545 est,
1281 467 1439 528 ministrnm

158 576 242 637 verbi
263 575 306 634 sic
329 572 485 651 desipere,
507 579 538 631 vt
558 572 678 630 verbnm
694 569 813 652 publico
829 570 990 629 ministerio
1005 572 1198 650 pronunciet,
1221 570 1271 630 rbi
1285 568 1383 631 nullus
1398 581 1439 630 cst

157 677 283 753 auditor,
297 683 325 736 et
339 672 395 735 sibi
410 672 465 734 soli
482 675 559 734 inter
571 691 641 735 saxa
656 681 686 733 et
699 672 779 752 ligna
793 681 842 732 ant
856 671 909 732 s‘ub
925 670 993 734 diuo
1011 673 1126 752 clamet,
1136 675 1436 755 itnperuereissimnm

158 789 214 855 est,
231 780 255 839 si
269 778 392 837 ministri
408 775 553 856 publicam
569 793 686 836 caenam
701 776 810 837 domini
824 783 973 854 parentet
987 784 1103 854 ornent,
1119 776 1168 836 rbi
1183 776 1255 836 nulli
1268 778 1330 839 sint
1344 775 1433 858 bospi-

155 892 202 943 tee
216 882 264 961 qui
278 880 365 941 edant
379 888 409 939 et
424 878 534 954 bibant,
550 887 580 938 et
593 880 649 958 ipsi
663 879 732 956 soli,
746 880 794 958 qui
808 878 873 938 aliis
887 879 1051 941 ministrare
1065 877 1186 954 debent,
1200 881 1230 939 in
1240 898 1333 941 vacua
1344 896 1433 940 mensa

155 993 186 1044 et
202 984 266 1044 aula
288 980 444 1044 comedant
469 991 499 1041 et
519 980 629 1044 bibant.
673 981 772 1056 Quare
785 982 817 1040 'si
839 999 911 1040 uere
926 979 1034 1043 Christi
1055 983 1216 1042 institutum
1236 981 1375 1064 amplecti
1387 1000 1430 1043 vo·

154 1087 267 1164 lnmns,
283 1083 362 1146 nnlla
376 1084 464 1146 debet
479 1085 565 1144 missa
579 1086 692 1165 priuata
706 1085 831 1166 relinqui
845 1086 874 1144 in
888 1082 1037 1162 Ecclesia,
1058 1085 1114 1145 nisi
1129 1085 1274 1146 toleretur
1289 1094 1319 1146 et
1333 1085 1379 1146 bic
1389 1084 1429 1145 nel

153 1190 305 1251 infirmitas
318 1185 367 1246 vel
381 1187 544 1248 necessitas
560 1185 595 1247 ad
610 1196 734 1267 ternpus.

255 1308 311 1370 llic
323 1315 419 1366 autem
432 1305 592 1366 seruandus
607 1315 653 1366 est
665 1307 749 1382 ritus,
763 1308 854 1386 quiin
868 1306 1012 1386 baptismo
1021 1314 1163 1368 seruatur.
1190 1304 1307 1387 Nempe
1316 1304 1429 1386 etEpis·
1454 1380 1457 1385 ,

154 1430 231 1492 copo
246 1413 369 1493 primurn
381 1409 578 1486 significetur,
592 1411 640 1489 qni
654 1408 742 1470 loturi
757 1411 816 1470 sint
828 1410 1087 1486 communicantes,
1102 1418 1262 1489 petantque
1276 1410 1335 1490 ipsi
1350 1427 1429 1470 mesa

154 1513 263 1577 domini
278 1512 495 1589 communicari,
510 1519 540 1571 rt
555 1528 655 1572 sorum
672 1521 703 1573 et
714 1514 830 1572 nomina
845 1522 875 1572 et
889 1514 976 1573 vitam
990 1530 1174 1591 cognoscere
1187 1522 1287 1592 queat.
1313 1510 1428 1574 Deinde

153 1679 354 1695 —-—-—

150 1779 223 1850 berg
235 1773 335 1833 Pastor
350 1794 418 1848 wer,
434 1777 484 1834 der
498 1775 664 1833 lierrschalit
677 1791 710 1832 nu
725 1775 854 1847 geiallen,
870 1775 919 1832 das
932 1776 1140 1834 ileos-(lewend
1154 1783 1262 1847 tragon.
1298 1774 1358 1831 llun
1371 1774 1428 1831 me

150 1880 184 1920 un
200 1864 324 1933 biesigen
341 1863 406 1921 0rte
424 1865 494 1920 habe
510 1863 577 1918 tiber
590 1862 634 1916 40.
650 1862 711 1917 labr
726 1861 821 1918 lreines
837 1862 1002 1933 gebrencbt,
1028 1863 1064 1919 ob
1079 1863 1164 1919 sebon
1179 1860 1360 1932 dergleioben
1373 1874 1427 1917 ror-

150 1948 266 2004 bsoden.
297 1948 358 2004 Und
378 1966 409 2004 es
431 1948 526 2005 wurde
542 1947 591 2002 der
607 1946 734 2003 Gemeine
749 1954 830 2017 genta
846 1947 949 2003 iremde
962 1948 1156 2017 vorlnommen,
1176 1964 1258 2003 wenn
1274 1946 1378 2002 wieder
1390 1945 1428 2001 ein

149 2032 360 2089 ldess-Gewand
379 2050 430 2089 vor
452 2032 513 2088 dem
528 2032 606 2087 Alter
620 2031 679 2086 aicb
693 2031 908 2111 proesentirte.“
937 2033 1019 2088 Immo
1036 2033 1063 2088 in
1078 2049 1165 2104 regno
1181 2032 1328 2088 Berussiae
1341 2029 1427 2087 dride-

150 2117 224 2173 ricns
235 2116 389 2174 Guilielmus
404 2135 462 2188 rex,
478 2117 555 2173 huius
570 2115 687 2171 nominis
702 2116 812 2187 primus,
830 2134 917 2189 quern,
933 2133 986 2190 qno
1001 2118 1078 2189 plura
1093 2124 1222 2191 expertos
1235 2123 1264 2173 et
1275 2120 1427 2189 perspectus

149 2201 257 2258 virtutis
278 2210 434 2258 ornamenta
456 2203 484 2259 in
508 2217 543 2257 co
558 2199 776 2273 conspiciuntur,
798 2217 832 2256 eo
847 2203 981 2258 acerbiori
996 2203 1094 2259 dolore
1109 2203 1243 2259 interdum
1260 2202 1305 2259 vix
1317 2200 1426 2256 eliennm

149 2304 212 2345 esse
223 2285 343 2344 videmus
355 2304 370 2342 a
382 2287 564 2344 deminutione
576 2286 634 2341 lere
647 2286 796 2355 tyrannice,
809 2303 913 2343 manum
921 2288 975 2345 illis
983 2289 1078 2345 ritibus
1087 2306 1140 2345 non
1150 2289 1208 2344 sine
1217 2285 1426 2358 magnisonino·

149 2390 206 2430 rum
216 2373 332 2430 motibus
342 2380 369 2429 et
375 2371 716 2444 perturbetioueedmorit.
731 2371 1146 2444 Litterisenimregiis,16.llor.
1157 2368 1425 2444 numennumen

111 2498 122 2519 .
147 2474 246 2532 preces
262 2458 479 2529 ecclesiastices,
501 2459 584 2513 verbe
598 2457 811 2513 consecrationis
827 2473 922 2514 sacrae
937 2475 1039 2515 coense
1055 2466 1082 2515 et
1100 2458 1280 2514 benedicendi
1295 2456 1423 2514 lormnlam

147 2560 198 2600 nec
214 2560 267 2599 non
283 2544 388 2618 stolas,
403 2543 479 2599 albas
494 2543 614 2614 eliasque
630 2548 720 2598 vestes
734 2542 921 2599 sacerdotales
936 2551 1081 2616 ceteraque
1096 2543 1172 2600 huius
1186 2544 1300 2615 generis
1314 2540 1422 2615 proseri-

147 2629 210 2701 psit.
239 2628 352 2698 biegnae
367 2629 403 2684 ob
419 2627 446 2683 id
463 2628 595 2685 excitatae
610 2633 672 2682 sunt
685 2627 780 2682 tnrbue
796 2644 874 2699 quum
889 2645 923 2683 cx
937 2646 1017 2686 sacro
1029 2629 1136 2700 ordine,
1149 2629 1316 2701 praesertim
1327 2625 1421 2684 ditionis

146 2711 390 2784 ltingdeburgensis
420 2719 447 2767 et
468 2711 703 2768 llalberstadensis
729 2712 851 2768 nonnulli
872 2715 1003 2787 pristinos
1023 2731 1112 2771 mores
1133 2729 1261 2786 servare,
1289 2713 1337 2771 elii
1360 2726 1419 2768 nan-

147 2797 212 2854 dato
237 2799 317 2870 ragio
344 2797 502 2869 obsequium
519 2804 661 2870 praestare
684 2796 801 2852 mallent
840 2799 988 2855 liemoratu
1006 2800 1088 2871 digna
1104 2800 1418 2868 suntoonaottornape
1460 2818 1462 2827 ·

147 2890 251 2940 storum
279 2891 361 2940 notoe
387 2883 512 2939 mandato
538 2882 614 2951 regis
635 2882 815 2955 subscriptae.
857 2885 1030 2943 ancbius
1057 2887 1151 2943 Pastor
1177 2880 1415 2942 Sanderslebe‘nsis:

147 2969 266 3044 „basset
283 2986 333 3025 ons
349 2969 422 3025 nicht
437 2969 623 3041 raisonniren‚
647 2967 718 3022 liebe
734 2968 856 3042 Broder,
881 2970 951 3026 denn
967 2988 997 3027 es
1012 2971 1049 3026 ist
1062 2988 1095 3026 nn
1111 2969 1201 3025 dieser
1217 2970 1277 3025 Zeit
1291 2969 1354 3025 lsein
1365 2963 1415 3021 {oab
1457 2964 1460 3013 Ξ

147 3054 238 3121 mehr,
258 3053 306 3110 der
327 3054 422 3125 iregen
439 3055 542 3111 ducite:
566 3052 635 3109 Wes
649 3053 695 3108 bat
713 3053 782 3108 mein
798 3054 867 3110 licrr
881 3055 972 3127 lionig
985 3074 1018 3111 au
1034 3055 1127 3112 diesen
1143 3054 1247 3111 Sucben
1262 3051 1314 3130 (ds
1328 3052 1366 3109 sie
1378 3066 1415 3105 en·
1456 3076 1459 3125 5

146 3139 287 3209 schuldige
303 3140 480 3197 Geremonien
502 3133 671 3212 abschall'en)
686 3135 773 3196 bost?
798 3138 867 3195 denn
883 3140 951 3196 dero
966 3141 1049 3196 Wort
1063 3141 1147 3211 gehet
1161 3140 1229 3196 anob
1246 3139 1301 3196 den
1316 3134 1414 3194 ellerbe
1455 3130 1459 3161 ³

145 3224 327 3295 wegliclrsten
341 3225 554 3295 Vorstellungen
570 3221 689 3299 (welche
703 3224 811 3280 sowobl
825 3225 931 3281 Politici
947 3226 988 3281 als
1003 3225 1135 3296 Theologi
1151 3223 1266 3300 gethan)
1283 3240 1345 3291 ror,
1356 3236 1414 3277 nen·
1455 3244 1458 3249 ·

145 3310 207 3365 halb
223 3310 266 3365 ich
282 3310 350 3365 miclr
365 3311 492 3381 segleicb
503 3311 545 3366 Sr.
557 3307 738 3378 Koniglionen
749 3310 872 3366 Maiestlit
882 3312 975 3367 Beiehl
990 3310 1184 3366 accommodirt
1198 3310 1270 3366 lrabe
1285 3308 1339 3366 nnd
1352 3307 1414 3363 bele:

144 3394 482 3469 Erbnltnns,llerr‚bei
498 3395 602 3450 deinem
619 3393 736 3454 Wort.“
766 3396 932 3471 bangius,
947 3397 976 3451 Ρ.
992 3396 1190 3467 Lbburgensis:
1212 3395 1328 3467 „Wenn
1343 3391 1414 3457 sites
1452 3408 1462 3473 ξι

144 3496 177 3535 so
196 3481 292 3535 selnen
302 3479 444 3552 Ursprung
459 3497 506 3536 ens
521 3480 582 3535 dem
595 3480 747 3550 l’apsttlrum
762 3480 817 3553 bnt,
829 3481 953 3537 sttndlicb
965 3485 1039 3536 wdre
1055 3482 1108 3537 und
1120 3479 1310 3551 abgesclrailet
1320 3475 1414 3534 werden

144 3565 243 3637 sollte,
261 3572 362 3622 mdsste
376 3565 503 3621 llancbes
518 3564 722 3638 unterbleiben,
737 3582 770 3621 so
786 3565 856 3621 doch
871 3566 1075 3622 nnentbebrliclr
1090 3568 1134 3635 ist,
1149 3583 1173 3621 n.
1190 3564 1219 3621 B.
1236 3562 1282 3622 die
1298 3562 1413 3621 Glocken.
1454 3576 1457 3581 '

143 3651 250 3709 welche
273 3652 325 3705 loo
339 3652 400 3707 lnhr
423 3651 490 3706 nach
506 3650 605 3705 Christi
620 3648 722 3705 (ieburt
742 3669 774 3706 nu
789 3652 857 3707 Noln
879 3651 1010 3707 erlunden
1032 3651 1163 3724 worden,
1187 3650 1281 3706 lerner
1304 3649 1352 3706 dae
1365 3659 1413 3701 son

143 3737 224 3809 Pepst
239 3735 326 3793 calixt
339 3737 384 3792 lll.
400 3735 565 3792 verordneto
582 3734 756 3807 dnsclrlngen
774 3735 823 3791 der
838 3736 996 3808 Retgloclre.
1027 3737 1086 3793 blan
1102 3737 1147 3791 lrat
1161 3735 1257 3791 allbier
1273 3736 1333 3792 dem
1347 3732 1414 3789 aller·
1459 3802 1462 3807 Ι

144 3822 307 3893 gnidigsten
320 3822 430 3877 Beiehle
441 3820 710 3890 alleruntertbtinigst
721 3822 895 3895 nacbgelebt,
907 3824 933 3877 in
945 3821 1092 3893 llollnung,
1107 3820 1326 3880 Se.ll.lleiestdt
1335 3813 1414 3874 werdt
1454 3848 1462 3857 -

143 3905 215 3963 Doro
244 3908 437 3978 evangelisebe
458 3906 640 3963 Untertbunen
664 3906 708 3961 bei
729 3906 846 3977 rolliger
870 3906 1136 3964 Gewissenslreibeit
1156 3922 1182 3966 u,
1203 3904 1414 3978 ungebinderten

144 3989 265 4063 Vortrag
285 3993 358 4049 ihrer
373 3993 400 4048 in
417 3993 466 4048 der
482 3991 581 4049 Schrilt
594 3992 784 4061 gegrtindeten
798 3992 883 4047 lehre
899 3992 1021 4047 lassen.“
1059 3990 1239 4047 Braunine
1256 3993 1286 4048 Ρ.
1303 3990 1414 4047 Peisscs·

143 4074 198 4130 sis:
213 4078 300 4151 „llier
315 4080 418 4135 nissen
435 4078 497 4151 wir,
513 4078 577 4133 Gott
591 4076 631 4131 sei
642 4078 730 4148 Dnnk,
746 4077 834 4133 nicbts
849 4094 901 4133 von
917 4077 1086 4150 ptpstlicben
1097 4095 1122 4132 u.
1135 4077 1352 4149 aberglinbigen
1362 4088 1415 4130 son

143 4158 209 4215 dern
223 4178 276 4217 von
288 4165 490 4235 apostolisclren
499 4159 708 4219 Geremonien.“
727 4162 762 4218 At
771 4179 831 4234 rex,
844 4162 1013 4219 calvinistico
1025 4164 1135 4218 iervore
1143 4161 1276 4234 flagrans,
1288 4159 1417 4218 Brenninn

143 4241 265 4321 duosque
281 4247 351 4304 alios
365 4258 512 4322 pastores,
529 4249 668 4305 lldllorum
684 4265 715 4303 ac
731 4249 869 4320 Voigtium
885 4249 1010 4324 (quornm
1026 4246 1182 4304 memoriam
1196 4247 1350 4304 bonorillce
1365 4240 1418 4302 colit

144 4326 275 4402 ecclesia)
290 4335 441 4391 muneribus
458 4335 540 4391 movit
555 4341 582 4390 et
597 4333 672 4389 exilii
687 4350 774 4406 poena
790 4333 889 4393 olfecit.
919 4334 973 4389 Sed
989 4350 1067 4406 quum
1078 4334 1105 4388 in
1117 4333 1203 4406 patris
1215 4330 1306 4389 locum
1317 4346 1417 4389 sucoss-

142 4410 227 4469 sisset
238 4414 521 4492 Fridericusltlagnus,
534 4418 1308 4491 lutheranisritusmemoratosrestitnendicopismleeit
1331 4418 1420 4474 Temen
1455 4466 1458 4489 ἰ

143 4513 178 4553 ex
188 4496 238 4554 illo
250 4504 371 4571 tempore
382 4502 478 4558 sultem
484 4505 581 4576 Albae,
595 4504 691 4559 Casula
704 4511 731 4560 et
742 4504 817 4560 Stolo
830 4522 845 4559 e
857 4504 978 4578 plurimis
990 4504 1139 4579 provinciis
1147 4504 1297 4560 borussiae
1309 4503 1421 4574 emigra·

142 4589 212 4645 runt.
244 4584 384 4640 Permanet
398 4586 490 4641 harum
507 4588 620 4644 vestium
635 4607 701 4646 osus
716 4589 742 4645 in
758 4589 875 4646 eeclesia
889 4589 1006 4662 Denise,
1020 4590 1133 4655 Succine
1148 4596 1230 4663 utone
1244 4588 1408 4662 Neruesiae.
1458 4584 1461 4589 ’
