<?xml version="1.0" encoding="UTF-8"?>
<!DOCTYPE html PUBLIC "-//W3C//DTD XHTML 1.0 Transitional//EN"
    "http://www.w3.org/TR/xhtml1/DTD/xhtml1-transitional.dtd">
<html xmlns="http://www.w3.org/1999/xhtml" xml:lang="en" lang="en">
 <head>
  <title>
</title>
<meta http-equiv="Content-Type" content="text/html;charset=utf-8" />
  <meta name='ocr-system' content='tesseract 3.04.00' />
  <meta name='ocr-capabilities' content='ocr_page ocr_carea ocr_par ocr_line ocrx_word'/>
</head>
<body>
  <div class='ocr_page' id='page_1' title='image "./codexliturgicus00danigoog/codexliturgicus00danigoog_0147.png"; bbox 0 0 3046 4926; ppageno 0'>
   <div class='ocr_carea' id='block_1_1' title="bbox 763 288 835 359">
    <p class='ocr_par' dir='ltr' id='par_1_1' title="bbox 763 288 835 359">
     <span class='ocr_line' id='line_1_1' title="bbox 763 288 835 359; baseline 0.028 -2"><span class='ocrx_word' id='word_1_1' title='bbox 763 288 835 359; x_wconf 79' lang='lat'><strong>128</strong></span> 
     </span>
    </p>
   </div>
   <div class='ocr_carea' id='block_1_2' title="bbox 258 472 1421 563">
    <p class='ocr_par' dir='ltr' id='par_1_2' title="bbox 258 472 1421 563">
     <span class='ocr_line' id='line_1_2' title="bbox 258 472 1421 563; baseline -0.001 -15"><span class='ocrx_word' id='word_1_2' title='bbox 258 486 384 548; x_wconf 83' lang='lat' dir='ltr'><strong>Vertere</strong></span> <span class='ocrx_word' id='word_1_3' title='bbox 401 500 435 544; x_wconf 85' lang='lat' dir='ltr'><strong>sa</strong></span> <span class='ocrx_word' id='word_1_4' title='bbox 455 483 491 545; x_wconf 90' lang='lat' dir='ltr'><strong>ad</strong></span> <span class='ocrx_word' id='word_1_5' title='bbox 509 482 647 563; x_wconf 84' lang='lat' dir='ltr'><strong>poputum</strong></span> <span class='ocrx_word' id='word_1_6' title='bbox 669 490 780 544; x_wconf 67' lang='lat' dir='ltr'><strong>canat:</strong></span> <span class='ocrx_word' id='word_1_7' title='bbox 805 474 878 546; x_wconf 86' lang='lat' dir='ltr'><strong>Der</strong></span> <span class='ocrx_word' id='word_1_8' title='bbox 899 473 964 546; x_wconf 81' lang='lat' dir='ltr'><strong>frid</strong></span> <span class='ocrx_word' id='word_1_9' title='bbox 988 474 1049 548; x_wconf 83' lang='lat' dir='ltr'><strong>des</strong></span> <span class='ocrx_word' id='word_1_10' title='bbox 1067 472 1180 547; x_wconf 78' lang='lat' dir='ltr'><strong>Herm</strong></span> <span class='ocrx_word' id='word_1_11' title='bbox 1198 477 1250 547; x_wconf 83' lang='lat' dir='ltr'><strong>sei</strong></span> <span class='ocrx_word' id='word_1_12' title='bbox 1272 476 1330 549; x_wconf 84' lang='lat' dir='ltr'><strong>nit</strong></span> <span class='ocrx_word' id='word_1_13' title='bbox 1349 474 1421 548; x_wconf 83' lang='lat' dir='ltr'><strong>euch&#39;</strong></span> 
     </span>
    </p>
   </div>
   <div class='ocr_carea' id='block_1_3' title="bbox 32 574 796 671">
    <p class='ocr_par' dir='ltr' id='par_1_3' title="bbox 32 574 796 671">
     <span class='ocr_line' id='line_1_3' title="bbox 32 574 796 671; baseline -0.007 -19"><span class='ocrx_word' id='word_1_14' title='bbox 32 604 39 619; x_wconf 67' lang='lat'>⁸</span> <span class='ocrx_word' id='word_1_15' title='bbox 153 580 254 671; x_wconf 74' lang='lat' dir='ltr'><strong>allen.</strong></span> <span class='ocrx_word' id='word_1_16' title='bbox 298 588 384 649; x_wconf 85' lang='lat' dir='ltr'><strong>Dicat</strong></span> <span class='ocrx_word' id='word_1_17' title='bbox 399 589 493 647; x_wconf 85' lang='lat' dir='ltr'><strong>omnis</strong></span> <span class='ocrx_word' id='word_1_18' title='bbox 509 585 650 666; x_wconf 80' lang='lat' dir='ltr'><strong>populus:</strong></span> <span class='ocrx_word' id='word_1_19' title='bbox 671 574 796 671; x_wconf 68' lang='lat' dir='ltr'><strong>Amen</strong></span> 
     </span>
    </p>
   </div>
   <div class='ocr_carea' id='block_1_4' title="bbox 145 677 1426 2213">
    <p class='ocr_par' dir='ltr' id='par_1_4' title="bbox 253 677 1303 775">
     <span class='ocr_line' id='line_1_4' title="bbox 253 677 1303 775; baseline -0.001 -21"><span class='ocrx_word' id='word_1_20' title='bbox 253 683 377 774; x_wconf 85' lang='lat' dir='ltr'><strong>Agnus</strong></span> <span class='ocrx_word' id='word_1_21' title='bbox 397 678 463 750; x_wconf 89' lang='lat' dir='ltr'><strong>Dei</strong></span> <span class='ocrx_word' id='word_1_22' title='bbox 483 680 540 775; x_wconf 82' lang='lat' dir='ltr'><strong>qui</strong></span> <span class='ocrx_word' id='word_1_23' title='bbox 559 678 654 751; x_wconf 91' lang='lat' dir='ltr'><strong>tollis</strong></span> <span class='ocrx_word' id='word_1_24' title='bbox 679 689 821 775; x_wconf 90' lang='lat' dir='ltr'><strong>peceata</strong></span> <span class='ocrx_word' id='word_1_25' title='bbox 842 677 975 749; x_wconf 81' lang='lat' dir='ltr'><strong>mundi:</strong></span> <span class='ocrx_word' id='word_1_26' title='bbox 1000 682 1167 753; x_wconf 89' lang='lat' dir='ltr'><strong>miserere</strong></span> <span class='ocrx_word' id='word_1_27' title='bbox 1192 679 1303 755; x_wconf 89' lang='lat' dir='ltr'><strong>nobis.</strong></span> 
     </span>
    </p>

    <p class='ocr_par' dir='ltr' id='par_1_5' title="bbox 145 780 1365 983">
     <span class='ocr_line' id='line_1_5' title="bbox 254 780 1305 878; baseline -0.002 -22"><span class='ocrx_word' id='word_1_28' title='bbox 254 785 378 877; x_wconf 82' lang='lat' dir='ltr'><strong>Agnus</strong></span> <span class='ocrx_word' id='word_1_29' title='bbox 399 782 466 853; x_wconf 88' lang='lat' dir='ltr'><strong>Dei</strong></span> <span class='ocrx_word' id='word_1_30' title='bbox 486 783 543 875; x_wconf 91' lang='lat' dir='ltr'><strong>qui</strong></span> <span class='ocrx_word' id='word_1_31' title='bbox 564 780 657 853; x_wconf 88' lang='lat' dir='ltr'><strong>tollis</strong></span> <span class='ocrx_word' id='word_1_32' title='bbox 678 791 821 878; x_wconf 83' lang='lat' dir='ltr'><strong>peccata</strong></span> <span class='ocrx_word' id='word_1_33' title='bbox 841 780 975 852; x_wconf 84' lang='lat' dir='ltr'><strong>mundi:</strong></span> <span class='ocrx_word' id='word_1_34' title='bbox 1001 783 1167 853; x_wconf 86' lang='lat' dir='ltr'><strong>miserere</strong></span> <span class='ocrx_word' id='word_1_35' title='bbox 1192 783 1305 857; x_wconf 87' lang='lat' dir='ltr'><strong>nohis.</strong></span> 
     </span>
     <span class='ocr_line' id='line_1_6' title="bbox 145 882 1365 983; baseline -0.005 -20"><span class='ocrx_word' id='word_1_36' title='bbox 145 934 150 963; x_wconf 85' lang='lat'><strong>.-</strong></span> <span class='ocrx_word' id='word_1_37' title='bbox 253 887 377 979; x_wconf 80' lang='lat' dir='ltr'><strong>Agnus</strong></span> <span class='ocrx_word' id='word_1_38' title='bbox 398 884 464 955; x_wconf 91' lang='lat' dir='ltr'><strong>Dei</strong></span> <span class='ocrx_word' id='word_1_39' title='bbox 491 887 548 978; x_wconf 91' lang='lat' dir='ltr'><strong>qui</strong></span> <span class='ocrx_word' id='word_1_40' title='bbox 565 883 660 957; x_wconf 86' lang='lat' dir='ltr'><strong>toliis</strong></span> <span class='ocrx_word' id='word_1_41' title='bbox 680 894 822 980; x_wconf 88' lang='lat' dir='ltr'><strong>poeeata</strong></span> <span class='ocrx_word' id='word_1_42' title='bbox 843 884 975 956; x_wconf 80' lang='lat' dir='ltr'><strong>mundi:</strong></span> <span class='ocrx_word' id='word_1_43' title='bbox 1003 885 1093 957; x_wconf 94' lang='lat' dir='ltr'><strong>dona</strong></span> <span class='ocrx_word' id='word_1_44' title='bbox 1114 882 1213 959; x_wconf 90' lang='lat' dir='ltr'><strong>nobis</strong></span> <span class='ocrx_word' id='word_1_45' title='bbox 1236 909 1365 983; x_wconf 83' lang='lat' dir='ltr'><strong>paoem.</strong></span> 
     </span>
    </p>

    <p class='ocr_par' dir='ltr' id='par_1_6' title="bbox 253 995 1113 1075">
     <span class='ocr_line' id='line_1_7' title="bbox 253 995 1113 1075; baseline -0.001 -16"><span class='ocrx_word' id='word_1_46' title='bbox 253 999 313 1060; x_wconf 85' lang='lat' dir='ltr'><strong>Das</strong></span> <span class='ocrx_word' id='word_1_47' title='bbox 332 997 433 1075; x_wconf 76' lang='lat' dir='ltr'><strong>dgnus</strong></span> <span class='ocrx_word' id='word_1_48' title='bbox 447 996 502 1057; x_wconf 83' lang='lat' dir='ltr'><strong>Dei</strong></span> <span class='ocrx_word' id='word_1_49' title='bbox 516 995 563 1058; x_wconf 87' lang='lat' dir='ltr'><strong>eoi</strong></span> <span class='ocrx_word' id='word_1_50' title='bbox 575 996 649 1057; x_wconf 84' lang='lat' dir='ltr'><strong>auch</strong></span> <span class='ocrx_word' id='word_1_51' title='bbox 663 995 799 1057; x_wconf 83' lang='lat' dir='ltr'><strong>iatinieoh</strong></span> <span class='ocrx_word' id='word_1_52' title='bbox 813 1014 969 1074; x_wconf 68' lang='lat' dir='ltr'><strong>perurgeo</strong></span> <span class='ocrx_word' id='word_1_53' title='bbox 982 995 1113 1058; x_wconf 82' lang='lat' dir='ltr'>werden.</span> 
     </span>
    </p>

    <p class='ocr_par' dir='ltr' id='par_1_7' title="bbox 149 1086 1426 2114">
     <span class='ocr_line' id='line_1_8' title="bbox 254 1086 1425 1185; baseline -0.003 -23"><span class='ocrx_word' id='word_1_54' title='bbox 254 1100 366 1163; x_wconf 80' lang='lat' dir='ltr'><strong>inclina</strong></span> <span class='ocrx_word' id='word_1_55' title='bbox 379 1109 423 1160; x_wconf 83' lang='lat' dir='ltr'><strong>te:</strong></span> <span class='ocrx_word' id='word_1_56' title='bbox 441 1089 587 1161; x_wconf 85' lang='lat' dir='ltr'><strong>Domine</strong></span> <span class='ocrx_word' id='word_1_57' title='bbox 605 1086 684 1161; x_wconf 90' lang='lat' dir='ltr'><strong>Iesu</strong></span> <span class='ocrx_word' id='word_1_58' title='bbox 704 1087 850 1177; x_wconf 78' lang='lat' dir='ltr'><strong>Christe,</strong></span> <span class='ocrx_word' id='word_1_59' title='bbox 868 1092 925 1185; x_wconf 87' lang='lat' dir='ltr'><strong>qui</strong></span> <span class='ocrx_word' id='word_1_60' title='bbox 943 1090 1056 1163; x_wconf 80' lang='lat' dir='ltr'><strong>dixisti</strong></span> <span class='ocrx_word' id='word_1_61' title='bbox 1072 1088 1253 1185; x_wconf 84' lang='lat' dir='ltr'><strong>Apostolis</strong></span> <span class='ocrx_word' id='word_1_62' title='bbox 1271 1090 1357 1163; x_wconf 86' lang='lat' dir='ltr'><strong>tuis:</strong></span> <span class='ocrx_word' id='word_1_63' title='bbox 1373 1088 1425 1161; x_wconf 88' lang='lat' dir='ltr'><strong>Pa-</strong></span> 
     </span>
     <span class='ocr_line' id='line_1_9' title="bbox 151 1191 1425 1289; baseline -0.005 -20"><span class='ocrx_word' id='word_1_64' title='bbox 151 1218 226 1269; x_wconf 91' lang='lat' dir='ltr'><strong>oem</strong></span> <span class='ocrx_word' id='word_1_65' title='bbox 247 1195 403 1287; x_wconf 88' lang='lat' dir='ltr'><strong>relinquo</strong></span> <span class='ocrx_word' id='word_1_66' title='bbox 430 1191 542 1280; x_wconf 75' lang='lat' dir='ltr'><strong>vobis,</strong></span> <span class='ocrx_word' id='word_1_67' title='bbox 567 1213 687 1287; x_wconf 85' lang='lat' dir='ltr'>pacem</span> <span class='ocrx_word' id='word_1_68' title='bbox 706 1213 815 1263; x_wconf 90' lang='lat' dir='ltr'><strong>meam</strong></span> <span class='ocrx_word' id='word_1_69' title='bbox 837 1191 882 1263; x_wconf 95' lang='lat' dir='ltr'><strong>do</strong></span> <span class='ocrx_word' id='word_1_70' title='bbox 904 1192 1024 1266; x_wconf 85' lang='lat' dir='ltr'><strong>vobis:</strong></span> <span class='ocrx_word' id='word_1_71' title='bbox 1046 1214 1091 1263; x_wconf 91' lang='lat' dir='ltr'><strong>ne</strong></span> <span class='ocrx_word' id='word_1_72' title='bbox 1109 1196 1277 1289; x_wconf 78' lang='lat' dir='ltr'><strong>respicias</strong></span> <span class='ocrx_word' id='word_1_73' title='bbox 1299 1202 1425 1289; x_wconf 83' lang='lat' dir='ltr'><strong>peceato</strong></span> 
     </span>
     <span class='ocr_line' id='line_1_10' title="bbox 151 1293 1426 1389; baseline -0.003 -18"><span class='ocrx_word' id='word_1_74' title='bbox 151 1322 241 1384; x_wconf 76' lang='lat' dir='ltr'><strong>moa,</strong></span> <span class='ocrx_word' id='word_1_75' title='bbox 264 1296 325 1369; x_wconf 89' lang='lat' dir='ltr'><strong>sad</strong></span> <span class='ocrx_word' id='word_1_76' title='bbox 347 1294 447 1366; x_wconf 87' lang='lat' dir='ltr'><strong>fidem</strong></span> <span class='ocrx_word' id='word_1_77' title='bbox 468 1293 637 1367; x_wconf 83' lang='lat' dir='ltr'><strong>ecelesiae</strong></span> <span class='ocrx_word' id='word_1_78' title='bbox 656 1304 736 1367; x_wconf 92' lang='lat' dir='ltr'><strong>tuae</strong></span> <span class='ocrx_word' id='word_1_79' title='bbox 756 1316 900 1389; x_wconf 88' lang='lat' dir='ltr'><strong>eamque</strong></span> <span class='ocrx_word' id='word_1_80' title='bbox 917 1295 1103 1368; x_wconf 85' lang='lat' dir='ltr'><strong>seeundum</strong></span> <span class='ocrx_word' id='word_1_81' title='bbox 1120 1296 1336 1369; x_wconf 88' lang='lat' dir='ltr'><strong>voluntatem</strong></span> <span class='ocrx_word' id='word_1_82' title='bbox 1348 1305 1426 1367; x_wconf 87' lang='lat' dir='ltr'><strong>tuam</strong></span> 
     </span>
     <span class='ocr_line' id='line_1_11' title="bbox 150 1394 1076 1499; baseline -0.003 -26"><span class='ocrx_word' id='word_1_83' title='bbox 150 1398 333 1499; x_wconf 86' lang='lat' dir='ltr'><strong>paoiiicare</strong></span> <span class='ocrx_word' id='word_1_84' title='bbox 359 1407 393 1469; x_wconf 86' lang='lat' dir='ltr'><strong>et</strong></span> <span class='ocrx_word' id='word_1_85' title='bbox 418 1397 613 1469; x_wconf 83' lang='lat' dir='ltr'><strong>coadunare</strong></span> <span class='ocrx_word' id='word_1_86' title='bbox 641 1396 800 1489; x_wconf 85' lang='lat' dir='ltr'><strong>digneris.</strong></span> <span class='ocrx_word' id='word_1_87' title='bbox 845 1394 911 1482; x_wconf 85' lang='lat' dir='ltr'><strong>Qui</strong></span> <span class='ocrx_word' id='word_1_88' title='bbox 935 1400 1035 1470; x_wconf 81' lang='lat' dir='ltr'><strong>vivis.</strong></span> <span class='ocrx_word' id='word_1_89' title='bbox 1044 1394 1076 1495; x_wconf 85' lang='lat'><strong>¹)</strong></span> 
     </span>
     <span class='ocr_line' id='line_1_12' title="bbox 161 1498 1425 1597; baseline 0 -26"><span class='ocrx_word' id='word_1_90' title='bbox 161 1522 165 1535; x_wconf 76' lang='lat'><em>¹</em></span> <span class='ocrx_word' id='word_1_91' title='bbox 253 1510 412 1571; x_wconf 77' lang='lat' dir='ltr'><strong>inclinatus</strong></span> <span class='ocrx_word' id='word_1_92' title='bbox 432 1510 525 1571; x_wconf 74' lang='lat' dir='ltr'><strong>dicam</strong></span> <span class='ocrx_word' id='word_1_93' title='bbox 551 1499 698 1572; x_wconf 90' lang='lat' dir='ltr'><strong>Domino</strong></span> <span class='ocrx_word' id='word_1_94' title='bbox 724 1498 803 1587; x_wconf 83' lang='lat' dir='ltr'><strong>lesu</strong></span> <span class='ocrx_word' id='word_1_95' title='bbox 826 1498 981 1589; x_wconf 71' lang='lat' dir='ltr'><strong>corsae,</strong></span> <span class='ocrx_word' id='word_1_96' title='bbox 1010 1499 1077 1572; x_wconf 84' lang='lat' dir='ltr'><strong>Fili</strong></span> <span class='ocrx_word' id='word_1_97' title='bbox 1096 1500 1161 1571; x_wconf 89' lang='lat' dir='ltr'><strong>Dei</strong></span> <span class='ocrx_word' id='word_1_98' title='bbox 1187 1503 1285 1589; x_wconf 79' lang='lat' dir='ltr'><strong>vivi,</strong></span> <span class='ocrx_word' id='word_1_99' title='bbox 1313 1502 1369 1597; x_wconf 81' lang='lat' dir='ltr'><strong>qui</strong></span> <span class='ocrx_word' id='word_1_100' title='bbox 1387 1522 1425 1571; x_wconf 87' lang='lat' dir='ltr'><strong>er</strong></span> 
     </span>
     <span class='ocr_line' id='line_1_13' title="bbox 151 1602 1426 1699; baseline -0.003 -22"><span class='ocrx_word' id='word_1_101' title='bbox 151 1606 329 1679; x_wconf 84' lang='lat' dir='ltr'><strong>voluntate</strong></span> <span class='ocrx_word' id='word_1_102' title='bbox 365 1603 476 1676; x_wconf 90' lang='lat' dir='ltr'><strong>Patris</strong></span> <span class='ocrx_word' id='word_1_103' title='bbox 510 1613 719 1699; x_wconf 76' lang='lat' dir='ltr'><strong>cooperante</strong></span> <span class='ocrx_word' id='word_1_104' title='bbox 752 1602 881 1699; x_wconf 76' lang='lat' dir='ltr'><strong>Spiritu</strong></span> <span class='ocrx_word' id='word_1_105' title='bbox 914 1602 1041 1676; x_wconf 89' lang='lat' dir='ltr'><strong>Sanoto</strong></span> <span class='ocrx_word' id='word_1_106' title='bbox 1073 1625 1135 1699; x_wconf 91' lang='lat' dir='ltr'><strong>per</strong></span> <span class='ocrx_word' id='word_1_107' title='bbox 1167 1614 1317 1675; x_wconf 90' lang='lat' dir='ltr'><strong>mortem</strong></span> <span class='ocrx_word' id='word_1_108' title='bbox 1348 1612 1426 1675; x_wconf 88' lang='lat' dir='ltr'><strong>tuan</strong></span> 
     </span>
     <span class='ocr_line' id='line_1_14' title="bbox 150 1704 1425 1803; baseline -0.003 -22"><span class='ocrx_word' id='word_1_109' title='bbox 150 1708 312 1781; x_wconf 92' lang='lat' dir='ltr'><strong>mundum</strong></span> <span class='ocrx_word' id='word_1_110' title='bbox 338 1704 538 1779; x_wconf 81' lang='lat' dir='ltr'><strong>vivificasti:</strong></span> <span class='ocrx_word' id='word_1_111' title='bbox 568 1705 676 1777; x_wconf 90' lang='lat' dir='ltr'><strong>libera</strong></span> <span class='ocrx_word' id='word_1_112' title='bbox 704 1728 769 1778; x_wconf 91' lang='lat' dir='ltr'><strong>nos</strong></span> <span class='ocrx_word' id='word_1_113' title='bbox 798 1727 861 1802; x_wconf 91' lang='lat' dir='ltr'><strong>per</strong></span> <span class='ocrx_word' id='word_1_114' title='bbox 883 1705 950 1777; x_wconf 89' lang='lat' dir='ltr'><strong>hoo</strong></span> <span class='ocrx_word' id='word_1_115' title='bbox 969 1715 1225 1778; x_wconf 83' lang='lat' dir='ltr'><strong>sacrosanctum</strong></span> <span class='ocrx_word' id='word_1_116' title='bbox 1247 1705 1425 1803; x_wconf 84' lang='lat' dir='ltr'><strong>Gorpuset</strong></span> 
     </span>
     <span class='ocr_line' id='line_1_15' title="bbox 150 1806 1425 1905; baseline -0.003 -22"><span class='ocrx_word' id='word_1_117' title='bbox 150 1810 359 1905; x_wconf 84' lang='lat' dir='ltr'><strong>Sanguinem</strong></span> <span class='ocrx_word' id='word_1_118' title='bbox 382 1820 473 1881; x_wconf 91' lang='lat' dir='ltr'><strong>tuum</strong></span> <span class='ocrx_word' id='word_1_119' title='bbox 495 1806 537 1879; x_wconf 88' lang='lat' dir='ltr'><strong>ab</strong></span> <span class='ocrx_word' id='word_1_120' title='bbox 558 1808 713 1881; x_wconf 85' lang='lat' dir='ltr'><strong>omuibus</strong></span> <span class='ocrx_word' id='word_1_121' title='bbox 731 1807 960 1904; x_wconf 87' lang='lat' dir='ltr'><strong>iniquitatibus</strong></span> <span class='ocrx_word' id='word_1_122' title='bbox 978 1810 1103 1881; x_wconf 81' lang='lat' dir='ltr'><strong>nostris</strong></span> <span class='ocrx_word' id='word_1_123' title='bbox 1121 1817 1157 1879; x_wconf 89' lang='lat' dir='ltr'><strong>et</strong></span> <span class='ocrx_word' id='word_1_124' title='bbox 1175 1811 1350 1883; x_wconf 85' lang='lat' dir='ltr'><strong>universis</strong></span> <span class='ocrx_word' id='word_1_125' title='bbox 1366 1830 1425 1881; x_wconf 76' lang='lat' dir='ltr'><strong>ma</strong></span> 
     </span>
     <span class='ocr_line' id='line_1_16' title="bbox 149 1910 1424 2010; baseline -0.002 -24"><span class='ocrx_word' id='word_1_126' title='bbox 149 1914 212 1988; x_wconf 82' lang='lat' dir='ltr'><strong>lis:</strong></span> <span class='ocrx_word' id='word_1_127' title='bbox 246 1923 281 1983; x_wconf 85' lang='lat' dir='ltr'><strong>et</strong></span> <span class='ocrx_word' id='word_1_128' title='bbox 309 1912 364 1983; x_wconf 86' lang='lat' dir='ltr'><strong>fao</strong></span> <span class='ocrx_word' id='word_1_129' title='bbox 391 1932 455 1984; x_wconf 88' lang='lat' dir='ltr'><strong>nos</strong></span> <span class='ocrx_word' id='word_1_130' title='bbox 482 1913 547 1983; x_wconf 89' lang='lat' dir='ltr'><strong>tuis</strong></span> <span class='ocrx_word' id='word_1_131' title='bbox 569 1928 705 2007; x_wconf 79' lang='lat' dir='ltr'><strong>semper</strong></span> <span class='ocrx_word' id='word_1_132' title='bbox 726 1910 905 1983; x_wconf 85' lang='lat' dir='ltr'><strong>inhaerere</strong></span> <span class='ocrx_word' id='word_1_133' title='bbox 929 1911 1093 1983; x_wconf 89' lang='lat' dir='ltr'><strong>mandatis</strong></span> <span class='ocrx_word' id='word_1_134' title='bbox 1120 1920 1264 1985; x_wconf 87' lang='lat' dir='ltr'><strong>etate</strong></span> <span class='ocrx_word' id='word_1_135' title='bbox 1291 1932 1424 2010; x_wconf 84' lang='lat' dir='ltr'><strong>uuquam</strong></span> 
     </span>
     <span class='ocr_line' id='line_1_17' title="bbox 150 2009 1097 2114; baseline -0.008 -23"><span class='ocrx_word' id='word_1_136' title='bbox 150 2017 305 2114; x_wconf 87' lang='lat' dir='ltr'><strong>soporari</strong></span> <span class='ocrx_word' id='word_1_137' title='bbox 329 2016 512 2110; x_wconf 85' lang='lat' dir='ltr'><strong>permittas.</strong></span> <span class='ocrx_word' id='word_1_138' title='bbox 566 2011 632 2099; x_wconf 84' lang='lat' dir='ltr'><strong>Qui</strong></span> <span class='ocrx_word' id='word_1_139' title='bbox 657 2035 734 2085; x_wconf 91' lang='lat' dir='ltr'><strong>oum</strong></span> <span class='ocrx_word' id='word_1_140' title='bbox 759 2013 837 2087; x_wconf 87' lang='lat' dir='ltr'><strong>Deo</strong></span> <span class='ocrx_word' id='word_1_141' title='bbox 863 2014 963 2086; x_wconf 91' lang='lat' dir='ltr'><strong>Patre</strong></span> <span class='ocrx_word' id='word_1_142' title='bbox 990 2009 1097 2110; x_wconf 76' lang='lat' dir='ltr'><strong>etc.²)</strong></span> 
     </span>
    </p>

    <p class='ocr_par' dir='ltr' id='par_1_8' title="bbox 252 2112 1423 2213">
     <span class='ocr_line' id='line_1_18' title="bbox 252 2112 1423 2213; baseline 0.001 -27"><span class='ocrx_word' id='word_1_143' title='bbox 252 2125 318 2187; x_wconf 80' lang='lat' dir='ltr'><strong>ntia</strong></span> <span class='ocrx_word' id='word_1_144' title='bbox 341 2126 459 2189; x_wconf 79' lang='lat' dir='ltr'><strong>ontio:</strong></span> <span class='ocrx_word' id='word_1_145' title='bbox 486 2112 740 2189; x_wconf 74' lang='lat' dir='ltr'><strong>Sacramentum</strong></span> <span class='ocrx_word' id='word_1_146' title='bbox 762 2119 918 2213; x_wconf 83' lang='lat' dir='ltr'><strong>corporis</strong></span> <span class='ocrx_word' id='word_1_147' title='bbox 943 2118 991 2189; x_wconf 90' lang='lat' dir='ltr'><strong>tui</strong></span> <span class='ocrx_word' id='word_1_148' title='bbox 1014 2116 1156 2188; x_wconf 78' lang='lat' dir='ltr'><strong>Domine</strong></span> <span class='ocrx_word' id='word_1_149' title='bbox 1179 2116 1261 2191; x_wconf 92' lang='lat' dir='ltr'><strong>lesu</strong></span> <span class='ocrx_word' id='word_1_150' title='bbox 1289 2116 1423 2203; x_wconf 81' lang='lat' dir='ltr'><strong>Christe,</strong></span> 
     </span>
    </p>
   </div>
   <div class='ocr_carea' id='block_1_5' title="bbox 14 2218 1423 2317">
    <p class='ocr_par' dir='ltr' id='par_1_9' title="bbox 14 2218 1423 2317">
     <span class='ocr_line' id='line_1_19' title="bbox 14 2218 1423 2317; baseline -0.003 -24"><span class='ocrx_word' id='word_1_151' title='bbox 14 2246 25 2267; x_wconf 55' lang='grc' dir='ltr'>ι</span> <span class='ocrx_word' id='word_1_152' title='bbox 151 2220 244 2317; x_wconf 88' lang='lat' dir='ltr'><strong>quod</strong></span> <span class='ocrx_word' id='word_1_153' title='bbox 276 2242 341 2292; x_wconf 89' lang='lat' dir='ltr'><strong>nos</strong></span> <span class='ocrx_word' id='word_1_154' title='bbox 367 2218 496 2311; x_wconf 84' lang='lat' dir='ltr'><strong>indigni</strong></span> <span class='ocrx_word' id='word_1_155' title='bbox 522 2239 659 2291; x_wconf 88' lang='lat' dir='ltr'><strong>sumere</strong></span> <span class='ocrx_word' id='word_1_156' title='bbox 684 2222 949 2315; x_wconf 83' lang='lat' dir='ltr'><strong>praesumimus,</strong></span> <span class='ocrx_word' id='word_1_157' title='bbox 974 2241 1044 2291; x_wconf 92' lang='lat' dir='ltr'><strong>non</strong></span> <span class='ocrx_word' id='word_1_158' title='bbox 1068 2218 1168 2292; x_wconf 85' lang='lat' dir='ltr'><strong>nohis</strong></span> <span class='ocrx_word' id='word_1_159' title='bbox 1193 2220 1423 2315; x_wconf 86' lang='lat' dir='ltr'><strong>proveniatia</strong></span> 
     </span>
    </p>
   </div>
   <div class='ocr_carea' id='block_1_6' title="bbox 112 2317 1422 4371">
    <p class='ocr_par' dir='ltr' id='par_1_10' title="bbox 112 2317 1422 4371">
     <span class='ocr_line' id='line_1_20' title="bbox 148 2317 1422 2419; baseline -0.005 -22"><span class='ocrx_word' id='word_1_160' title='bbox 148 2324 310 2397; x_wconf 83' lang='lat' dir='ltr'><strong>iudicium</strong></span> <span class='ocrx_word' id='word_1_161' title='bbox 332 2332 366 2395; x_wconf 88' lang='lat' dir='ltr'><strong>et</strong></span> <span class='ocrx_word' id='word_1_162' title='bbox 386 2321 722 2394; x_wconf 72' lang='lat' dir='ltr'><strong>condemnationem</strong></span> <span class='ocrx_word' id='word_1_163' title='bbox 748 2322 811 2396; x_wconf 90' lang='lat' dir='ltr'><strong>sad</strong></span> <span class='ocrx_word' id='word_1_164' title='bbox 830 2345 894 2419; x_wconf 94' lang='lat' dir='ltr'><strong>pro</strong></span> <span class='ocrx_word' id='word_1_165' title='bbox 916 2333 973 2395; x_wconf 89' lang='lat' dir='ltr'><strong>tua</strong></span> <span class='ocrx_word' id='word_1_166' title='bbox 993 2323 1119 2418; x_wconf 86' lang='lat' dir='ltr'><strong>pietate</strong></span> <span class='ocrx_word' id='word_1_167' title='bbox 1140 2324 1253 2418; x_wconf 89' lang='lat' dir='ltr'><strong>prosit</strong></span> <span class='ocrx_word' id='word_1_168' title='bbox 1272 2317 1367 2395; x_wconf 79' lang='lat' dir='ltr'><strong>nodis</strong></span> <span class='ocrx_word' id='word_1_169' title='bbox 1386 2318 1422 2392; x_wconf 93' lang='lat' dir='ltr'><strong>ad</strong></span> 
     </span>
     <span class='ocr_line' id='line_1_21' title="bbox 149 2422 1421 2523; baseline -0.004 -23"><span class='ocrx_word' id='word_1_170' title='bbox 149 2436 369 2500; x_wconf 77' lang='lat' dir='ltr'><strong>tutamentum</strong></span> <span class='ocrx_word' id='word_1_171' title='bbox 395 2428 516 2497; x_wconf 88' lang='lat' dir='ltr'><strong>mentis</strong></span> <span class='ocrx_word' id='word_1_172' title='bbox 542 2434 577 2495; x_wconf 90' lang='lat' dir='ltr'><strong>et</strong></span> <span class='ocrx_word' id='word_1_173' title='bbox 605 2425 648 2496; x_wconf 94' lang='lat' dir='ltr'><strong>ad</strong></span> <span class='ocrx_word' id='word_1_174' title='bbox 677 2428 833 2521; x_wconf 87' lang='lat' dir='ltr'><strong>corporis</strong></span> <span class='ocrx_word' id='word_1_175' title='bbox 860 2426 1028 2499; x_wconf 90' lang='lat' dir='ltr'><strong>medelam</strong></span> <span class='ocrx_word' id='word_1_176' title='bbox 1056 2425 1321 2523; x_wconf 85' lang='lat' dir='ltr'><strong>percipiendum</strong></span> <span class='ocrx_word' id='word_1_177' title='bbox 1363 2422 1421 2510; x_wconf 78' lang='lat' dir='ltr'><strong>Qui</strong></span> 
     </span>
     <span class='ocr_line' id='line_1_22' title="bbox 149 2532 1345 2621; baseline -0.001 -20"><span class='ocrx_word' id='word_1_178' title='bbox 149 2532 240 2603; x_wconf 84' lang='lat' dir='ltr'><strong>vivis</strong></span> <span class='ocrx_word' id='word_1_179' title='bbox 263 2539 297 2599; x_wconf 92' lang='lat' dir='ltr'><strong>et</strong></span> <span class='ocrx_word' id='word_1_180' title='bbox 318 2549 444 2621; x_wconf 86' lang='lat' dir='ltr'><strong>regnas</strong></span> <span class='ocrx_word' id='word_1_181' title='bbox 465 2539 529 2599; x_wconf 89' lang='lat' dir='ltr'><strong>etc.</strong></span> <span class='ocrx_word' id='word_1_182' title='bbox 1342 2532 1345 2537; x_wconf 82' lang='lat'>&#39;</span> 
     </span>
     <span class='ocr_line' id='line_1_23' title="bbox 251 2628 1419 2722; baseline 0.001 -22"><span class='ocrx_word' id='word_1_183' title='bbox 251 2638 368 2701; x_wconf 78' lang='lat' dir='ltr'><strong>Deinde</strong></span> <span class='ocrx_word' id='word_1_184' title='bbox 393 2647 514 2700; x_wconf 85' lang='lat' dir='ltr'><strong>vertens</strong></span> <span class='ocrx_word' id='word_1_185' title='bbox 542 2658 577 2699; x_wconf 85' lang='lat' dir='ltr'><strong>se</strong></span> <span class='ocrx_word' id='word_1_186' title='bbox 599 2638 635 2700; x_wconf 92' lang='lat' dir='ltr'><strong>ad</strong></span> <span class='ocrx_word' id='word_1_187' title='bbox 654 2639 793 2722; x_wconf 86' lang='lat' dir='ltr'><strong>populum</strong></span> <span class='ocrx_word' id='word_1_188' title='bbox 813 2638 894 2718; x_wconf 77' lang='lat' dir='ltr'><strong>legat</strong></span> <span class='ocrx_word' id='word_1_189' title='bbox 916 2639 992 2701; x_wconf 90' lang='lat' dir='ltr'><strong>hanc</strong></span> <span class='ocrx_word' id='word_1_190' title='bbox 1010 2639 1262 2702; x_wconf 83' lang='lat' dir='ltr'><strong>adhortationem:</strong></span> <span class='ocrx_word' id='word_1_191' title='bbox 1288 2628 1324 2702; x_wconf 90' lang='lat' dir='ltr'><strong>Ir</strong></span> <span class='ocrx_word' id='word_1_192' title='bbox 1347 2628 1419 2701; x_wconf 79' lang='lat' dir='ltr'><strong>aller</strong></span> 
     </span>
     <span class='ocr_line' id='line_1_24' title="bbox 150 2730 1417 2829; baseline -0.002 -25"><span class='ocrx_word' id='word_1_193' title='bbox 150 2732 296 2805; x_wconf 79' lang='lat' dir='ltr'><strong>lieltsten</strong></span> <span class='ocrx_word' id='word_1_194' title='bbox 317 2736 352 2802; x_wconf 97' lang='lat' dir='ltr'><strong>in</strong></span> <span class='ocrx_word' id='word_1_195' title='bbox 372 2730 464 2819; x_wconf 68' lang='lat' dir='ltr'><strong>Gott,</strong></span> <span class='ocrx_word' id='word_1_196' title='bbox 484 2732 646 2827; x_wconf 76' lang='lat' dir='ltr'><strong>Dieweyi</strong></span> <span class='ocrx_word' id='word_1_197' title='bbox 669 2736 737 2805; x_wconf 90' lang='lat' dir='ltr'><strong>wir</strong></span> <span class='ocrx_word' id='word_1_198' title='bbox 757 2742 860 2828; x_wconf 68' lang='lat' dir='ltr'><strong>petro</strong></span> <span class='ocrx_word' id='word_1_199' title='bbox 882 2733 944 2805; x_wconf 86' lang='lat' dir='ltr'><strong>das</strong></span> <span class='ocrx_word' id='word_1_200' title='bbox 965 2734 1083 2829; x_wconf 71' lang='lat' dir='ltr'><strong>heyiig</strong></span> <span class='ocrx_word' id='word_1_201' title='bbox 1103 2733 1289 2806; x_wconf 84' lang='lat' dir='ltr'><strong>Abentmal</strong></span> <span class='ocrx_word' id='word_1_202' title='bbox 1310 2750 1417 2805; x_wconf 85' lang='lat' dir='ltr'><strong>vusers</strong></span> 
     </span>
     <span class='ocr_line' id='line_1_25' title="bbox 149 2832 1417 2925; baseline -0.002 -18"><span class='ocrx_word' id='word_1_203' title='bbox 149 2835 284 2907; x_wconf 87' lang='lat' dir='ltr'><strong>Herren</strong></span> <span class='ocrx_word' id='word_1_204' title='bbox 309 2832 390 2908; x_wconf 87' lang='lat' dir='ltr'><strong>lesu</strong></span> <span class='ocrx_word' id='word_1_205' title='bbox 412 2832 537 2907; x_wconf 80' lang='lat' dir='ltr'><strong>Christi</strong></span> <span class='ocrx_word' id='word_1_206' title='bbox 568 2836 699 2908; x_wconf 71' lang='lat' dir='ltr'><strong>uuillen</strong></span> <span class='ocrx_word' id='word_1_207' title='bbox 729 2834 931 2908; x_wconf 88' lang='lat' dir='ltr'><strong>bedencken</strong></span> <span class='ocrx_word' id='word_1_208' title='bbox 959 2837 1052 2908; x_wconf 83' lang='lat' dir='ltr'><strong>vuud</strong></span> <span class='ocrx_word' id='word_1_209' title='bbox 1083 2836 1218 2925; x_wconf 70' lang='lat' dir='ltr'><strong>dalton,</strong></span> <span class='ocrx_word' id='word_1_210' title='bbox 1249 2835 1367 2908; x_wconf 90' lang='lat' dir='ltr'><strong>dariuu</strong></span> <span class='ocrx_word' id='word_1_211' title='bbox 1387 2856 1417 2905; x_wconf 86' lang='lat' dir='ltr'><strong>er</strong></span> 
     </span>
     <span class='ocr_line' id='line_1_26' title="bbox 149 2934 1416 3035; baseline -0.002 -24"><span class='ocrx_word' id='word_1_212' title='bbox 149 2960 238 3012; x_wconf 73' lang='lat' dir='ltr'><strong>unns</strong></span> <span class='ocrx_word' id='word_1_213' title='bbox 266 2941 340 3011; x_wconf 88' lang='lat' dir='ltr'><strong>sein</strong></span> <span class='ocrx_word' id='word_1_214' title='bbox 371 2934 503 3033; x_wconf 77' lang='lat' dir='ltr'><strong>sseysch</strong></span> <span class='ocrx_word' id='word_1_215' title='bbox 537 2961 579 3009; x_wconf 88' lang='lat' dir='ltr'><strong>zu</strong></span> <span class='ocrx_word' id='word_1_216' title='bbox 612 2942 707 3009; x_wconf 91' lang='lat' dir='ltr'><strong>einer</strong></span> <span class='ocrx_word' id='word_1_217' title='bbox 739 2962 882 3035; x_wconf 72' lang='lat' dir='ltr'><strong>speyss‚</strong></span> <span class='ocrx_word' id='word_1_218' title='bbox 911 2938 1006 3010; x_wconf 73' lang='lat' dir='ltr'><strong>umnd</strong></span> <span class='ocrx_word' id='word_1_219' title='bbox 1034 2942 1109 3013; x_wconf 90' lang='lat' dir='ltr'><strong>sein</strong></span> <span class='ocrx_word' id='word_1_220' title='bbox 1139 2937 1215 3011; x_wconf 90' lang='lat' dir='ltr'><strong>blut</strong></span> <span class='ocrx_word' id='word_1_221' title='bbox 1246 2962 1289 3011; x_wconf 82' lang='lat' dir='ltr'><strong>zu</strong></span> <span class='ocrx_word' id='word_1_222' title='bbox 1322 2940 1416 3009; x_wconf 87' lang='lat' dir='ltr'><strong>einen</strong></span> 
     </span>
     <span class='ocr_line' id='line_1_27' title="bbox 148 3040 1417 3135; baseline -0.001 -22"><span class='ocrx_word' id='word_1_223' title='bbox 148 3040 280 3129; x_wconf 73' lang='lat' dir='ltr'><strong>truncia,</strong></span> <span class='ocrx_word' id='word_1_224' title='bbox 307 3041 373 3113; x_wconf 92' lang='lat' dir='ltr'><strong>den</strong></span> <span class='ocrx_word' id='word_1_225' title='bbox 393 3042 565 3134; x_wconf 84' lang='lat' dir='ltr'><strong>glaubenn</strong></span> <span class='ocrx_word' id='word_1_226' title='bbox 591 3041 710 3112; x_wconf 91' lang='lat' dir='ltr'><strong>darmit</strong></span> <span class='ocrx_word' id='word_1_227' title='bbox 735 3040 939 3115; x_wconf 83' lang='lat' dir='ltr'><strong>zusteroken</strong></span> <span class='ocrx_word' id='word_1_228' title='bbox 959 3040 1118 3135; x_wconf 81' lang='lat' dir='ltr'><strong>gegeben</strong></span> <span class='ocrx_word' id='word_1_229' title='bbox 1137 3041 1207 3132; x_wconf 82' lang='lat' dir='ltr'><strong>hat,</strong></span> <span class='ocrx_word' id='word_1_230' title='bbox 1227 3040 1349 3115; x_wconf 89' lang='lat' dir='ltr'><strong>Solleu</strong></span> <span class='ocrx_word' id='word_1_231' title='bbox 1366 3042 1417 3113; x_wconf 87' lang='lat' dir='ltr'><strong>wir</strong></span> 
     </span>
     <span class='ocr_line' id='line_1_28' title="bbox 148 3142 1417 3240; baseline -0.001 -25"><span class='ocrx_word' id='word_1_232' title='bbox 148 3143 250 3215; x_wconf 81' lang='lat' dir='ltr'><strong>bilieh</strong></span> <span class='ocrx_word' id='word_1_233' title='bbox 285 3145 343 3217; x_wconf 87' lang='lat' dir='ltr'><strong>mit</strong></span> <span class='ocrx_word' id='word_1_234' title='bbox 369 3166 524 3236; x_wconf 79' lang='lat' dir='ltr'><strong>grassem</strong></span> <span class='ocrx_word' id='word_1_235' title='bbox 548 3142 653 3240; x_wconf 75' lang='lat' dir='ltr'><strong>ileyss</strong></span> <span class='ocrx_word' id='word_1_236' title='bbox 680 3147 735 3215; x_wconf 88' lang='lat' dir='ltr'><strong>ein</strong></span> <span class='ocrx_word' id='word_1_237' title='bbox 756 3145 867 3240; x_wconf 78' lang='lat' dir='ltr'><strong>yeder</strong></span> <span class='ocrx_word' id='word_1_238' title='bbox 892 3145 965 3219; x_wconf 88' lang='lat' dir='ltr'><strong>sich</strong></span> <span class='ocrx_word' id='word_1_239' title='bbox 991 3145 1083 3219; x_wconf 87' lang='lat' dir='ltr'><strong>selhs</strong></span> <span class='ocrx_word' id='word_1_240' title='bbox 1109 3143 1252 3235; x_wconf 71' lang='lat' dir='ltr'><strong>braden,</strong></span> <span class='ocrx_word' id='word_1_241' title='bbox 1277 3142 1417 3216; x_wconf 86' lang='lat' dir='ltr'><strong>wieder</strong></span> 
     </span>
     <span class='ocr_line' id='line_1_29' title="bbox 149 3246 1417 3343; baseline 0 -26"><span class='ocrx_word' id='word_1_242' title='bbox 149 3246 267 3341; x_wconf 71' lang='lat' dir='ltr'><strong>heylig</strong></span> <span class='ocrx_word' id='word_1_243' title='bbox 293 3246 419 3319; x_wconf 90' lang='lat' dir='ltr'><strong>Paulus</strong></span> <span class='ocrx_word' id='word_1_244' title='bbox 443 3268 508 3319; x_wconf 76' lang='lat' dir='ltr'><strong>uus</strong></span> <span class='ocrx_word' id='word_1_245' title='bbox 535 3257 724 3335; x_wconf 69' lang='lat' dir='ltr'><strong>vermanet,</strong></span> <span class='ocrx_word' id='word_1_246' title='bbox 745 3248 844 3319; x_wconf 89' lang='lat' dir='ltr'><strong>Dann</strong></span> <span class='ocrx_word' id='word_1_247' title='bbox 865 3247 935 3321; x_wconf 88' lang='lat' dir='ltr'><strong>diss</strong></span> <span class='ocrx_word' id='word_1_248' title='bbox 953 3247 1071 3343; x_wconf 74' lang='lat' dir='ltr'><strong>heylig</strong></span> <span class='ocrx_word' id='word_1_249' title='bbox 1092 3246 1305 3337; x_wconf 76' lang='lat' dir='ltr'><strong>sacrament,</strong></span> <span class='ocrx_word' id='word_1_250' title='bbox 1324 3250 1366 3323; x_wconf 89' lang='lat' dir='ltr'><strong>ist</strong></span> <span class='ocrx_word' id='word_1_251' title='bbox 1382 3266 1417 3317; x_wconf 89' lang='lat' dir='ltr'><strong>m</strong></span> 
     </span>
     <span class='ocr_line' id='line_1_30' title="bbox 148 3349 1416 3445; baseline 0.002 -24"><span class='ocrx_word' id='word_1_252' title='bbox 148 3352 261 3421; x_wconf 88' lang='lat' dir='ltr'><strong>einem</strong></span> <span class='ocrx_word' id='word_1_253' title='bbox 278 3349 428 3421; x_wconf 87' lang='lat' dir='ltr'><strong>sunderu</strong></span> <span class='ocrx_word' id='word_1_254' title='bbox 453 3359 539 3423; x_wconf 90' lang='lat' dir='ltr'><strong>trost</strong></span> <span class='ocrx_word' id='word_1_255' title='bbox 564 3350 633 3422; x_wconf 72' lang='lat' dir='ltr'><strong>rud</strong></span> <span class='ocrx_word' id='word_1_256' title='bbox 660 3350 774 3422; x_wconf 86' lang='lat' dir='ltr'><strong>storck</strong></span> <span class='ocrx_word' id='word_1_257' title='bbox 797 3350 922 3444; x_wconf 63' lang='lat' dir='ltr'><strong>geben,</strong></span> <span class='ocrx_word' id='word_1_258' title='bbox 943 3350 1010 3422; x_wconf 91' lang='lat' dir='ltr'><strong>den</strong></span> <span class='ocrx_word' id='word_1_259' title='bbox 1031 3372 1148 3423; x_wconf 90' lang='lat' dir='ltr'><strong>armen</strong></span> <span class='ocrx_word' id='word_1_260' title='bbox 1169 3349 1350 3423; x_wconf 83' lang='lat' dir='ltr'><strong>betriihteu</strong></span> <span class='ocrx_word' id='word_1_261' title='bbox 1368 3372 1416 3445; x_wconf 77' lang='lat' dir='ltr'><strong>ge</strong></span> 
     </span>
     <span class='ocr_line' id='line_1_31' title="bbox 148 3450 1417 3545; baseline 0 -22"><span class='ocrx_word' id='word_1_262' title='bbox 148 3456 290 3529; x_wconf 71' lang='lat' dir='ltr'><strong>missen.</strong></span> <span class='ocrx_word' id='word_1_263' title='bbox 314 3451 368 3523; x_wconf 89' lang='lat' dir='ltr'><strong>die</strong></span> <span class='ocrx_word' id='word_1_264' title='bbox 390 3454 439 3523; x_wconf 93' lang='lat' dir='ltr'><strong>ire</strong></span> <span class='ocrx_word' id='word_1_265' title='bbox 462 3454 570 3525; x_wconf 83' lang='lat' dir='ltr'><strong>siindo</strong></span> <span class='ocrx_word' id='word_1_266' title='bbox 589 3451 781 3545; x_wconf 72' lang='lat' dir='ltr'><strong>benennon,</strong></span> <span class='ocrx_word' id='word_1_267' title='bbox 805 3451 923 3526; x_wconf 91' lang='lat' dir='ltr'><strong>Gottes</strong></span> <span class='ocrx_word' id='word_1_268' title='bbox 942 3475 1026 3525; x_wconf 84' lang='lat' dir='ltr'><strong>zorn</strong></span> <span class='ocrx_word' id='word_1_269' title='bbox 1046 3453 1117 3525; x_wconf 73' lang='lat' dir='ltr'><strong>und</strong></span> <span class='ocrx_word' id='word_1_270' title='bbox 1137 3453 1203 3524; x_wconf 89' lang='lat' dir='ltr'><strong>den</strong></span> <span class='ocrx_word' id='word_1_271' title='bbox 1221 3454 1298 3537; x_wconf 17' lang='lat' dir='ltr'><strong>‘todt</strong></span> <span class='ocrx_word' id='word_1_272' title='bbox 1319 3450 1417 3527; x_wconf 79' lang='lat' dir='ltr'><strong>ideoi-</strong></span> 
     </span>
     <span class='ocr_line' id='line_1_32' title="bbox 146 3552 1416 3652; baseline -0.001 -24"><span class='ocrx_word' id='word_1_273' title='bbox 146 3566 217 3649; x_wconf 80' lang='lat' dir='ltr'><strong>tem</strong></span> <span class='ocrx_word' id='word_1_274' title='bbox 243 3554 314 3626; x_wconf 78' lang='lat' dir='ltr'><strong>und</strong></span> <span class='ocrx_word' id='word_1_275' title='bbox 336 3554 424 3626; x_wconf 89' lang='lat' dir='ltr'><strong>naoh</strong></span> <span class='ocrx_word' id='word_1_276' title='bbox 446 3554 507 3627; x_wconf 90' lang='lat' dir='ltr'><strong>der</strong></span> <span class='ocrx_word' id='word_1_277' title='bbox 532 3555 797 3652; x_wconf 70' lang='lat' dir='ltr'><strong>geroehtigkeyt</strong></span> <span class='ocrx_word' id='word_1_278' title='bbox 822 3556 991 3650; x_wconf 84' lang='lat' dir='ltr'><strong>hungerig</strong></span> <span class='ocrx_word' id='word_1_279' title='bbox 1016 3556 1087 3628; x_wconf 73' lang='lat' dir='ltr'><strong>aud</strong></span> <span class='ocrx_word' id='word_1_280' title='bbox 1113 3556 1245 3651; x_wconf 80' lang='lat' dir='ltr'><strong>diirstig</strong></span> <span class='ocrx_word' id='word_1_281' title='bbox 1265 3556 1353 3645; x_wconf 82' lang='lat' dir='ltr'><strong>sind,</strong></span> <span class='ocrx_word' id='word_1_282' title='bbox 1376 3552 1416 3627; x_wconf 78' lang='lat' dir='ltr'><strong>So</strong></span> 
     </span>
     <span class='ocr_line' id='line_1_33' title="bbox 146 3657 1417 3755; baseline 0.003 -26"><span class='ocrx_word' id='word_1_283' title='bbox 146 3661 213 3730; x_wconf 90' lang='lat' dir='ltr'><strong>wir</strong></span> <span class='ocrx_word' id='word_1_284' title='bbox 237 3679 302 3731; x_wconf 78' lang='lat' dir='ltr'><strong>rus</strong></span> <span class='ocrx_word' id='word_1_285' title='bbox 329 3657 422 3731; x_wconf 84' lang='lat' dir='ltr'><strong>solbs</strong></span> <span class='ocrx_word' id='word_1_286' title='bbox 448 3658 589 3751; x_wconf 66' lang='lat' dir='ltr'><strong>braden,</strong></span> <span class='ocrx_word' id='word_1_287' title='bbox 621 3659 714 3729; x_wconf 77' lang='lat' dir='ltr'><strong>rnnd</strong></span> <span class='ocrx_word' id='word_1_288' title='bbox 740 3664 796 3732; x_wconf 92' lang='lat' dir='ltr'><strong>ein</strong></span> <span class='ocrx_word' id='word_1_289' title='bbox 817 3660 927 3755; x_wconf 68' lang='lat' dir='ltr'><strong>pedor</strong></span> <span class='ocrx_word' id='word_1_290' title='bbox 952 3661 987 3731; x_wconf 92' lang='lat' dir='ltr'><strong>in</strong></span> <span class='ocrx_word' id='word_1_291' title='bbox 1013 3661 1086 3733; x_wconf 88' lang='lat' dir='ltr'><strong>sain</strong></span> <span class='ocrx_word' id='word_1_292' title='bbox 1112 3682 1228 3754; x_wconf 74' lang='lat' dir='ltr'><strong>eygon</strong></span> <span class='ocrx_word' id='word_1_293' title='bbox 1254 3663 1417 3753; x_wconf 69' lang='lat' dir='ltr'><strong>gera-isser</strong></span> 
     </span>
     <span class='ocr_line' id='line_1_34' title="bbox 147 3758 1418 3857; baseline -0.002 -23"><span class='ocrx_word' id='word_1_294' title='bbox 147 3784 249 3853; x_wconf 66' lang='lat' dir='ltr'><strong>geon,</strong></span> <span class='ocrx_word' id='word_1_295' title='bbox 275 3764 345 3831; x_wconf 83' lang='lat' dir='ltr'><strong>wie</strong></span> <span class='ocrx_word' id='word_1_296' title='bbox 371 3782 436 3833; x_wconf 67' lang='lat' dir='ltr'><strong>ems</strong></span> <span class='ocrx_word' id='word_1_297' title='bbox 461 3760 525 3832; x_wconf 93' lang='lat' dir='ltr'><strong>der</strong></span> <span class='ocrx_word' id='word_1_298' title='bbox 546 3761 664 3857; x_wconf 72' lang='lat' dir='ltr'><strong>hoplig</strong></span> <span class='ocrx_word' id='word_1_299' title='bbox 690 3762 816 3835; x_wconf 91' lang='lat' dir='ltr'><strong>Paulus</strong></span> <span class='ocrx_word' id='word_1_300' title='bbox 841 3763 941 3853; x_wconf 72' lang='lat' dir='ltr'><strong>leret,</strong></span> <span class='ocrx_word' id='word_1_301' title='bbox 968 3763 1114 3834; x_wconf 85' lang='lat' dir='ltr'><strong>werden</strong></span> <span class='ocrx_word' id='word_1_302' title='bbox 1138 3764 1205 3833; x_wconf 91' lang='lat' dir='ltr'><strong>wir</strong></span> <span class='ocrx_word' id='word_1_303' title='bbox 1231 3758 1418 3857; x_wconf 80' lang='lat' dir='ltr'><strong>gewissiiod</strong></span> 
     </span>
     <span class='ocr_line' id='line_1_35' title="bbox 146 3861 1419 3959; baseline 0.001 -24"><span class='ocrx_word' id='word_1_304' title='bbox 146 3864 239 3936; x_wconf 86' lang='lat' dir='ltr'><strong>nicht</strong></span> <span class='ocrx_word' id='word_1_305' title='bbox 259 3864 383 3936; x_wconf 80' lang='lat' dir='ltr'><strong>audens</strong></span> <span class='ocrx_word' id='word_1_306' title='bbox 401 3861 533 3945; x_wconf 74' lang='lat' dir='ltr'><strong>finden,</strong></span> <span class='ocrx_word' id='word_1_307' title='bbox 560 3864 649 3936; x_wconf 90' lang='lat' dir='ltr'><strong>danu</strong></span> <span class='ocrx_word' id='word_1_308' title='bbox 670 3865 818 3959; x_wconf 77' lang='lat' dir='ltr'><strong>allerley</strong></span> <span class='ocrx_word' id='word_1_309' title='bbox 839 3865 1016 3959; x_wconf 81' lang='lat' dir='ltr'><strong>greiliche</strong></span> <span class='ocrx_word' id='word_1_310' title='bbox 1035 3864 1160 3953; x_wconf 75' lang='lat' dir='ltr'><strong>siiude,</strong></span> <span class='ocrx_word' id='word_1_311' title='bbox 1183 3888 1232 3937; x_wconf 81' lang='lat' dir='ltr'><strong>vn</strong></span> <span class='ocrx_word' id='word_1_312' title='bbox 1254 3865 1322 3939; x_wconf 88' lang='lat' dir='ltr'><strong>deu</strong></span> <span class='ocrx_word' id='word_1_313' title='bbox 1344 3862 1419 3953; x_wconf 82' lang='lat' dir='ltr'><strong>todt,</strong></span> 
     </span>
     <span class='ocr_line' id='line_1_36' title="bbox 147 3966 1419 4059; baseline 0.001 -21"><span class='ocrx_word' id='word_1_314' title='bbox 147 3966 214 4038; x_wconf 92' lang='lat' dir='ltr'><strong>den</strong></span> <span class='ocrx_word' id='word_1_315' title='bbox 239 3969 306 4038; x_wconf 83' lang='lat' dir='ltr'><strong>uir</strong></span> <span class='ocrx_word' id='word_1_316' title='bbox 331 3969 390 4037; x_wconf 87' lang='lat' dir='ltr'><strong>mit</strong></span> <span class='ocrx_word' id='word_1_317' title='bbox 416 3967 478 4039; x_wconf 88' lang='lat' dir='ltr'><strong>der</strong></span> <span class='ocrx_word' id='word_1_318' title='bbox 503 3967 610 4041; x_wconf 81' lang='lat' dir='ltr'><strong>siinde</strong></span> <span class='ocrx_word' id='word_1_319' title='bbox 636 3968 836 4040; x_wconf 77' lang='lat' dir='ltr'><strong>verschuldt</strong></span> <span class='ocrx_word' id='word_1_320' title='bbox 860 3968 989 4059; x_wconf 72' lang='lat' dir='ltr'><strong>nonen,</strong></span> <span class='ocrx_word' id='word_1_321' title='bbox 1016 3990 1063 4041; x_wconf 73' lang='lat' dir='ltr'><strong>um</strong></span> <span class='ocrx_word' id='word_1_322' title='bbox 1087 3968 1225 4040; x_wconf 77' lang='lat' dir='ltr'><strong>konnen</strong></span> <span class='ocrx_word' id='word_1_323' title='bbox 1251 3968 1340 4041; x_wconf 84' lang='lat' dir='ltr'><strong>doeh</strong></span> <span class='ocrx_word' id='word_1_324' title='bbox 1363 3988 1419 4039; x_wconf 76' lang='lat' dir='ltr'><strong>rus</strong></span> 
     </span>
     <span class='ocr_line' id='line_1_37' title="bbox 146 4067 1421 4164; baseline 0.002 -23"><span class='ocrx_word' id='word_1_325' title='bbox 146 4068 240 4141; x_wconf 82' lang='lat' dir='ltr'><strong>solbs</strong></span> <span class='ocrx_word' id='word_1_326' title='bbox 265 4071 301 4140; x_wconf 93' lang='lat' dir='ltr'><strong>in</strong></span> <span class='ocrx_word' id='word_1_327' title='bbox 323 4067 447 4140; x_wconf 88' lang='lat' dir='ltr'><strong>keinen</strong></span> <span class='ocrx_word' id='word_1_328' title='bbox 470 4093 573 4164; x_wconf 86' lang='lat' dir='ltr'><strong>wege</strong></span> <span class='ocrx_word' id='word_1_329' title='bbox 600 4072 741 4143; x_wconf 92' lang='lat' dir='ltr'><strong>darauss</strong></span> <span class='ocrx_word' id='word_1_330' title='bbox 761 4071 898 4157; x_wconf 73' lang='lat' dir='ltr'><strong>helffen,</strong></span> <span class='ocrx_word' id='word_1_331' title='bbox 921 4071 1071 4144; x_wconf 86' lang='lat' dir='ltr'><strong>Darumb</strong></span> <span class='ocrx_word' id='word_1_332' title='bbox 1093 4072 1151 4142; x_wconf 85' lang='lat' dir='ltr'><strong>hat</strong></span> <span class='ocrx_word' id='word_1_333' title='bbox 1171 4094 1303 4145; x_wconf 81' lang='lat' dir='ltr'><strong>unnser</strong></span> <span class='ocrx_word' id='word_1_334' title='bbox 1323 4070 1421 4145; x_wconf 77' lang='lat' dir='ltr'><strong>dieder</strong></span> 
     </span>
     <span class='ocr_line' id='line_1_38' title="bbox 147 4169 1421 4263; baseline 0.004 -23"><span class='ocrx_word' id='word_1_335' title='bbox 147 4170 236 4241; x_wconf 89' lang='lat' dir='ltr'><strong>Herr</strong></span> <span class='ocrx_word' id='word_1_336' title='bbox 259 4169 357 4244; x_wconf 83' lang='lat' dir='ltr'><strong>lesus</strong></span> <span class='ocrx_word' id='word_1_337' title='bbox 384 4172 557 4263; x_wconf 74' lang='lat' dir='ltr'><strong>christus,</strong></span> <span class='ocrx_word' id='word_1_338' title='bbox 590 4175 662 4249; x_wconf 90' lang='lat' dir='ltr'><strong>sich</strong></span> <span class='ocrx_word' id='word_1_339' title='bbox 687 4174 774 4246; x_wconf 78' lang='lat' dir='ltr'><strong>uber</strong></span> <span class='ocrx_word' id='word_1_340' title='bbox 798 4196 864 4246; x_wconf 75' lang='lat' dir='ltr'><strong>uns</strong></span> <span class='ocrx_word' id='word_1_341' title='bbox 886 4175 1052 4263; x_wconf 83' lang='lat' dir='ltr'><strong>orbarmt‚</strong></span> <span class='ocrx_word' id='word_1_342' title='bbox 1080 4198 1127 4246; x_wconf 77' lang='grc' dir='ltr'><strong>ιιι</strong></span> <span class='ocrx_word' id='word_1_343' title='bbox 1149 4175 1192 4247; x_wconf 83' lang='lat' dir='ltr'><strong>ist</strong></span> <span class='ocrx_word' id='word_1_344' title='bbox 1217 4175 1300 4247; x_wconf 88' lang='lat' dir='ltr'><strong>vmb</strong></span> <span class='ocrx_word' id='word_1_345' title='bbox 1325 4196 1421 4249; x_wconf 82' lang='lat' dir='ltr'><strong>unser</strong></span> 
     </span>
     <span class='ocr_line' id='line_1_39' title="bbox 112 4270 1422 4371; baseline 0.003 -26"><span class='ocrx_word' id='word_1_346' title='bbox 112 4270 128 4302; x_wconf 83' lang='lat'>⁸</span> <span class='ocrx_word' id='word_1_347' title='bbox 146 4272 277 4345; x_wconf 85' lang='lat' dir='ltr'><strong>stinden</strong></span> <span class='ocrx_word' id='word_1_348' title='bbox 300 4274 428 4347; x_wconf 80' lang='lat' dir='ltr'><strong>willam</strong></span> <span class='ocrx_word' id='word_1_349' title='bbox 449 4276 589 4349; x_wconf 86' lang='lat' dir='ltr'><strong>mensch</strong></span> <span class='ocrx_word' id='word_1_350' title='bbox 608 4280 766 4367; x_wconf 76' lang='lat' dir='ltr'><strong>wordom</strong></span> <span class='ocrx_word' id='word_1_351' title='bbox 789 4278 874 4349; x_wconf 83' lang='lat' dir='ltr'><strong>Anu</strong></span> <span class='ocrx_word' id='word_1_352' title='bbox 892 4278 952 4353; x_wconf 84' lang='lat' dir='ltr'><strong>das</strong></span> <span class='ocrx_word' id='word_1_353' title='bbox 976 4301 1015 4351; x_wconf 89' lang='lat' dir='ltr'><strong>er</strong></span> <span class='ocrx_word' id='word_1_354' title='bbox 1034 4278 1095 4352; x_wconf 88' lang='lat' dir='ltr'><strong>das</strong></span> <span class='ocrx_word' id='word_1_355' title='bbox 1114 4287 1234 4371; x_wconf 84' lang='lat' dir='ltr'><strong>geseta</strong></span> <span class='ocrx_word' id='word_1_356' title='bbox 1252 4280 1325 4353; x_wconf 71' lang='lat' dir='ltr'><strong>aud</strong></span> <span class='ocrx_word' id='word_1_357' title='bbox 1339 4278 1422 4351; x_wconf 85' lang='lat' dir='ltr'><strong>aileu</strong></span> 
     </span>
    </p>
   </div>
   <div class='ocr_carea' id='block_1_7' title="bbox 147 4494 1424 4643">
    <p class='ocr_par' dir='ltr' id='par_1_11' title="bbox 147 4494 1424 4643">
     <span class='ocr_line' id='line_1_40' title="bbox 147 4494 1424 4639; baseline 0.013 -89"><span class='ocrx_word' id='word_1_358' title='bbox 147 4584 155 4639; x_wconf 68' lang='grc' dir='ltr'>Ι</span> <span class='ocrx_word' id='word_1_359' title='bbox 190 4494 237 4593; x_wconf 33' lang='lat' dir='ltr'><strong>&#39;li</strong></span> <span class='ocrx_word' id='word_1_360' title='bbox 256 4498 322 4637; x_wconf 57' lang='lat' dir='ltr'><strong>(ddd</strong></span> <span class='ocrx_word' id='word_1_361' title='bbox 337 4500 383 4637; x_wconf 56' lang='lat' dir='ltr'><strong>[lit.</strong></span> <span class='ocrx_word' id='word_1_362' title='bbox 394 4501 414 4556; x_wconf 93' lang='grc' dir='ltr'><strong>Ι.</strong></span> <span class='ocrx_word' id='word_1_363' title='bbox 432 4519 459 4575; x_wconf 86' lang='lat' dir='ltr'><strong>p.</strong></span> <span class='ocrx_word' id='word_1_364' title='bbox 472 4506 531 4561; x_wconf 86' lang='lat'>100.</span> <span class='ocrx_word' id='word_1_365' title='bbox 558 4500 589 4579; x_wconf 71' lang='lat' dir='ltr'><strong>t)</strong></span> <span class='ocrx_word' id='word_1_366' title='bbox 609 4502 676 4561; x_wconf 82' lang='lat' dir='ltr'><strong>cod.</strong></span> <span class='ocrx_word' id='word_1_367' title='bbox 688 4502 738 4560; x_wconf 81' lang='lat' dir='ltr'><strong>un.</strong></span> <span class='ocrx_word' id='word_1_368' title='bbox 750 4505 772 4563; x_wconf 91' lang='grc'><strong>1.</strong></span> <span class='ocrx_word' id='word_1_369' title='bbox 788 4521 817 4576; x_wconf 88' lang='lat' dir='ltr'><strong>p.</strong></span> <span class='ocrx_word' id='word_1_370' title='bbox 827 4505 888 4560; x_wconf 87' lang='lat'>1⁰0.</span> <span class='ocrx_word' id='word_1_371' title='bbox 913 4504 996 4562; x_wconf 83' lang='lat' dir='ltr'><strong>Reate</strong></span> <span class='ocrx_word' id='word_1_372' title='bbox 1008 4510 1123 4562; x_wconf 79' lang='grc' dir='ltr'>ιιιιιιιιιιιι</span> <span class='ocrx_word' id='word_1_373' title='bbox 1134 4504 1424 4577; x_wconf 68' lang='lat' dir='ltr'><strong>eatiiunerussiasu-</strong></span> 
     </span>
     <span class='ocr_line' id='line_1_41' title="bbox 156 4598 406 4643; baseline 0.024 -6"><span class='ocrx_word' id='word_1_374' title='bbox 156 4598 213 4637; x_wconf 76' lang='lat'>81&#39;18</span> <span class='ocrx_word' id='word_1_375' title='bbox 228 4600 254 4639; x_wconf 84' lang='lat' dir='ltr'><strong>tu</strong></span> <span class='ocrx_word' id='word_1_376' title='bbox 297 4599 343 4638; x_wconf 78' lang='lat' dir='ltr'><strong>ura</strong></span> <span class='ocrx_word' id='word_1_377' title='bbox 356 4602 406 4643; x_wconf 81' lang='lat' dir='ltr'><strong>em.</strong></span> 
     </span>
    </p>
   </div>
   <div class='ocr_carea' id='block_1_8' title="bbox 0 0 1528 4926">
    <p class='ocr_par' dir='ltr' id='par_1_12' title="bbox 0 0 1528 4926">
     <span class='ocr_line' id='line_1_42' title="bbox 0 0 1528 4926; baseline 0 1"><span class='ocrx_word' id='word_1_378' title='bbox 0 0 1528 4926; x_wconf 95' lang='lat' dir='ltr'><strong> </strong></span> 
     </span>
    </p>
   </div>
  </div>
 </body>
</html>
