3038 4920
673 233 772 336 '⁴7

215 422 276 485 lum
297 422 381 485 brevi
401 423 655 505 eompleetendurn
676 434 739 503 est,
758 425 828 507 qnid
846 426 1002 489 lutherani
1026 428 1054 488 in
1076 437 1198 491 externa
1211 431 1402 495 eeclesiarum

112 526 205 604 iaeie,
225 534 258 587 ot
271 525 318 611 ‘ita
338 524 441 604 diram,
462 545 584 609 prorsas
605 529 782 590 mutaverint
800 537 888 608 atque
911 529 1104 608 abrogarim,
1129 531 1197 611 quid
1217 533 1402 611 retinuerint,

114 628 180 710 daid
195 629 318 691 noviter
330 629 369 690 sit
381 627 587 691 introductum.
641 628 726 692 Αιιο
740 629 880 692 altaribus
900 631 1081 710 minoribus,
1108 642 1158 695 eut
1177 632 1332 696 destruetis
1352 645 1404 698 aut

114 730 216 793 saltem
232 728 392 809 desolatis,
420 731 606 795 tabernacula
628 735 657 793 in
672 732 781 813 quibus,
799 732 876 814 apud
896 731 1214 799 Romano-Cathoiieos
1232 735 1404 799 adservatur

114 834 203 896 Sacra
216 831 419 912 Eucharistie,
446 833 607 916 lampadum
623 843 691 897 aute
704 834 758 897 SS.
773 835 991 898 Sacramentum
1005 855 1210 919 suspensurum
1226 839 1324 917 ignem
1337 857 1404 919 per·

115 944 235 1017 petuam
258 953 293 997 ao
311 938 520 1017 sempiternum
530 923 579 1016 ¹),
605 937 687 1000 ebori
701 938 777 1018 apud
792 936 961 1001 catholicos
975 938 1058 1000 laicis
1072 941 1190 1002 minime
1205 943 1333 1021 pateatis
1346 942 1404 1022 pri·

114 1037 266 1117 vilegium.
318 1037 480 1101 Servaruot
501 1039 548 1100 rei
564 1041 663 1120 potius
680 1043 758 1120 passi
776 1050 845 1101 sunt
857 1039 1033 1118 lutherani,
1056 1041 1285 1121 indignabundis
1299 1041 1405 1105 Reior-

116 1143 210 1217 natis,
239 1141 430 1219 imagines
451 1151 481 1203 et
503 1143 596 1223 pietas
620 1151 651 1204 et
670 1143 815 1226 seulptas:
842 1145 1073 1206 exterminarant
1086 1145 1207 1207 abusum
1221 1147 1340 1227 ineptae
1354 1162 1405 1209 ιι·

117 1244 294 1321 errationis,
313 1245 500 1305 retinuerunt
520 1244 673 1306 simulacra
696 1254 726 1306 et
740 1248 869 1327 picturas
892 1255 922 1307 ut
942 1247 1133 1309 ecelesiarum
1154 1246 1262 1309 deeora
1277 1256 1307 1308 et
1320 1265 1405 1310 orna·

117 1353 221 1408 ιιιιι.
265 1347 343 1408 Saue
357 1364 458 1409 rerum
474 1356 531 1426 est,
545 1346 703 1409 lotherum
717 1366 823 1410 severs
837 1347 948 1411 dixisse
961 1367 1019 1428 „er
1035 1347 1131 1428 weda,
1148 1350 1223 1410 desa
1236 1366 1338 1429 mmsis
1348 1348 1405 1411 das

119 1444 324 1509 dirahrortaha
348 1447 406 1510 atta
430 1446 536 1510 Bilder
554 1450 586 1511 in
602 1449 659 1512 der
675 1467 794 1528 pnnaen
815 1448 890 1512 Welt
902 1449 1050 1531 obpetban
1065 1450 1193 1515 seien“.·
1215 1455 1284 1515 item
1299 1470 1403 1532 passus

119 1556 179 1626 est,
200 1559 322 1614 auctore
338 1549 466 1615 ilenrico
480 1552 628 1615 Senoniae
643 1551 734 1632 duee,
756 1554 872 1634 Lipsiae
885 1556 1030 1631 imagines
1045 1572 1084 1616 ex
1104 1555 1240 1617 eeclesiis
1255 1557 1404 1618 remoueri

120 1651 254 1729 (Pieiiler
267 1652 426 1720 llemorab.
441 1655 523 1736 lips.
536 1673 567 1734 p.
581 1640 716 1730 ³72)²):
745 1663 847 1715 atvero
870 1655 937 1734 quid
952 1657 1074 1735 proprie
1089 1655 1127 1716 de
1147 1655 1322 1735 imaginihus
1337 1674 1405 1717 sen·

118 1756 199 1834 serit,
215 1754 283 1818 luce
298 1755 405 1818 elarius
428 1757 568 1836 exposuit
582 1757 611 1815 in
627 1755 812 1816 sermonibus
831 1765 917 1835 atque
936 1755 1019 1815 libris
1035 1764 1137 1816 eontra
1150 1756 1344 1829 iconoclastae
1358 1756 1406 1817 ha·

118 1855 185 1917 bitis
200 1874 236 1918 ae
249 1858 378 1937 seriptis.
430 1856 492 1918 lies
507 1865 575 1919 note
591 1865 651 1917 est:
665 1857 792 1916 suihoiat
805 1857 895 1933 igitar
910 1856 993 1917 loeus
1008 1875 1083 1917 neus
1098 1857 1180 1937 isque
1194 1857 1329 1939 palmaris
1342 1855 1407 1920 XX.

117 1952 197 2018 212:
225 1954 293 2036 „Ee
310 1957 379 2019 sind
399 1974 458 2035 pur
474 1957 550 2019 oiede
563 1956 669 2018 Bilder
686 1959 717 2018 in
730 1957 787 2018 den
805 1954 964 2033 Biieherm,
984 1956 1069 2020 beside
1088 1953 1211 2038 Gottee,
1232 1957 1288 2051 der
1301 1955 1408 2041 Erepsi,

119 2050 279 2120 henschen
295 2058 359 2121 aad
377 2057 482 2121 Thriare
498 2058 667 2121 emderlioh
686 2061 718 2119 in
736 2059 793 2120 der
809 2058 1012 2140 Offenbaratop
1024 2059 1168 2121 Iohannis
1189 2061 1253 2122 und
1269 2061 1310 2121 ins
1322 2057 1408 2123 dlore

117 2160 176 2222 arad
189 2159 295 2224 Iosuo.
346 2159 387 2223 So
402 2161 493 2222 buras
506 2161 563 2223 wir
575 2162 621 2223 ris
634 2180 696 2222 ιιι
706 2179 766 2240 pur
775 2161 956 2241 freuadiieh,
980 2163 1026 2223 sie
1038 2162 1143 2224 moilen
1162 2163 1220 2224 mir
1236 2162 1316 2225 auch
1332 2168 1406 2244 pdo-

118 2280 184 2341 ιιι,
199 2262 275 2324 does
289 2263 346 2324 wir
358 2263 438 2325 nuci
450 2263 551 2325 solede
564 2261 668 2326 Bilder
681 2269 786 2344 mdpeo
804 2265 904 2326 audie
924 2262 1038 2326 Wrinde
1058 2265 1176 2327 mohden
1196 2284 1248 2327 arm
1261 2263 1405 2328 Geddoht·

118 2500 200 2551 exstet
214 2494 243 2550 in
257 2492 384 2552 eeclesiis
400 2495 613 2552 lutheranorum
628 2493 785 2551 maioribus.
827 2492 912 2550 lmmo
933 2485 961 2555 iu
982 2492 1101 2551 eeclesia
1122 2492 1151 2550 st
1167 2488 1278 2550 sebaldi
1300 2491 1406 2549 horim·

118 2577 241 2649 bergensi
258 2581 339 2638 tiseos
351 2579 473 2653 pretiosa
489 2580 518 2638 8.
529 2579 640 2638 Sebaidi
658 2578 746 2636 media
761 2578 789 2636 in
804 2578 934 2650 eeclesia,
949 2584 978 2635 ut
993 2578 1110 2652 antiquis
1126 2576 1305 2652 temporibus,
1319 2574 1407 2633 looum

117 2681 186 2721 suum
207 2670 290 2722 tenet.

185 2745 212 2824 l)
227 2750 299 2805 Sane
312 2750 339 2806 in
356 2749 473 2806 ecelesia
487 2747 601 2823 quedam
607 2741 1241 2820 Norirnhergensi(ueseioutruminSebeldiaoa
1256 2763 1289 2803 ιι
1298 2744 1325 2802 iu
1339 2745 1407 2805 lau-

118 2832 249 2908 rentiana)
263 2834 326 2891 talis
341 2835 446 2907 lampas
466 2833 494 2890 in
516 2835 559 2892 vis
574 2833 709 2891 eeclesiae
723 2831 830 2888 laterali
844 2829 927 2887 hodie
941 2830 1005 2902 igne
1023 2847 1077 2888 non
1098 2838 1191 2901 vreat;
1205 2830 1255 2888 sed
1275 2846 1330 2889 non
1345 2846 1407 2905 per-

117 2915 181 2973 tinet
201 2917 235 2973 ιι
254 2919 352 2977 cultum
375 2919 492 2976 ιιιίιιιι
508 2919 558 2977 ιιι
578 2918 613 2976 ιι
631 2925 709 2974 vetus
724 2914 814 2973 divitis
834 2915 949 2974 hominis
967 2923 1153 2973 testamentum
1171 2916 1244 2991 quod
1266 2932 1321 2973 non
1342 2914 1408 2973 lieet

118 3000 251 3072 frangere.
942 3012 946 3019 ·

185 3086 215 3162 2)
236 3086 288 3142 San
316 3086 344 3144 in
360 3085 518 3161 quibusdum
535 3086 696 3160 regionibus
712 3101 748 3142 ex
760 3082 919 3142 lutheranis
939 3099 1047 3156 quoque
1071 3083 1195 3142 ecolesiis
1216 3083 1347 3156 imagines
1361 3099 1405 3139 re·

116 3175 202 3228 motas
217 3187 277 3227 esse
304 3171 354 3229 aed
369 3171 492 3243 legitimo
508 3171 604 3229 ordine
621 3188 671 3228 neo
679 3169 767 3243 plebis
782 3168 907 3245 tumultu)
921 3167 1003 3225 donet
1010 3169 1043 3229 V.
1053 3170 1113 3227 531.
1130 3168 1253 3240 „Sobadd
1268 3167 1317 3226 das
1333 3164 1404 3223 tort

115 3253 197 3312 durch
212 3255 261 3313 das
276 3256 360 3313 Wort
373 3256 508 3314 beriohtet
524 3256 582 3313 sein
599 3254 688 3326 wind,
702 3255 761 3311 sind
782 3253 826 3310 die
849 3270 896 3310 nur
919 3254 1082 3325 Verehrnog
1104 3255 1299 3326 ausgestellteu
1313 3248 1405 3308 bilder

113 3355 158 3397 eus
172 3341 246 3397 allen
263 3341 380 3399 Kirohen
395 3342 449 3398 ιιι
464 3341 548 3398 0rten
565 3341 728 3413 uegauthun
748 3338 802 3397 und
820 3338 1041 3408 Vorhehrungen
1064 3356 1096 3396 ιι
1111 3338 1217 3411 treh'en,
1231 3338 1292 3397 dass
1306 3334 1404 3393 christ·

114 3426 181 3483 liehe
193 3427 279 3483 Znebt
291 3427 419 3497 gehalteu
434 3425 488 3484 und
503 3425 614 3483 Keinem
635 3431 778 3483 uerstattet
795 3423 899 3495 werde,
919 3424 999 3480 dabei
1014 3424 1256 3499 leiehtiertigheit,
1272 3419 1339 3477 oder
1353 3435 1404 3476 uu·

113 3512 255 3584 adobtiges
270 3511 385 3584 Gespbtt
400 3511 579 3583 rotrahen.“
623 3509 754 3569 Conierns
776 3507 892 3582 lepidam
916 3509 1070 3581 historiam,
1095 3528 1172 3585 qaam
1192 3513 1282 3569 barret
1302 3501 1402 3561 ismiel.

112 3593 571 3670 (Dreibundertihhrigelubelieier
585 3594 635 3654 der
655 3595 693 3653 St.
714 3595 938 3666 husgeriihirohe
958 3611 991 3650 ιι
1018 3594 1154 3673 Bremen.)
1195 3589 1267 3663 „Ein
1281 3583 1404 3682 blitglied

112 3680 159 3738 der
174 3681 352 3753 Sthusgarii
366 3681 510 3738 Gemeiude
525 3681 627 3755 phegte
641 3698 688 3738 ans
702 3679 900 3737 dieserllirohe
916 3679 1129 3750 lleiligenbilder
1141 3695 1172 3735 ιι
1187 3674 1291 3734 stehlen
1300 3670 1403 3727 undere

114 3766 180 3824 deon
195 3784 230 3823 ιι
246 3766 381 3823 ilauseim
395 3767 463 3824 Olea
478 3783 511 3822 ιι
527 3767 707 3826 verbrennen.
733 3765 787 3822 Das
803 3765 906 3822 merhte
921 3764 965 3821 ein
979 3763 1110 3835 Naohber,
1128 3762 1177 3818 der
1190 3774 1264 3817 nwar
1279 3753 1402 3850 gleiehet

113 3851 225 3908 hasieht
240 3852 288 3909 mit
301 3851 413 3923 diesem,
431 3851 496 3907 aber
512 3850 695 3922 vorsiohtiger
710 3849 779 3906 oder
799 3840 1058 3907 iurehtsamer'uar.
1103 3844 1152 3902 Um
1166 3845 1260 3901 seinen
1279 3837 1401 3935 pliaubrl-

114 3936 341 3994 derstdrmisehen
356 3935 479 3993 Naobbar
494 3933 678 4006 vorsiobtiger
692 3951 725 3991 ιι
737 3934 864 4007 mrohen,
885 3935 1005 3991 erlaubte
1026 3950 1056 3989 er
1081 3929 1141 3985 sieh
1163 3942 1254 3999 gegen
1280 3920 1326 3979 rhn
1341 3939 1403 3983 eme

116 4022 205 4078 ushre
220 4016 451 4094 Eulenspiegelei.
493 4021 531 4077 Er
544 4017 782 4077 erkundsohaitete
797 4019 921 4091 nimlirh,
935 4016 1053 4076 welehes
1068 4012 1127 4070 Bild
1143 4010 1233 4068 dieser
1247 4007 1402 4066 demnlohst

116 4107 218 4163 stehien
234 4107 318 4163 wolle
333 4105 386 4162 und
401 4105 548 4177 beientigte
558 4103 647 4162 hinter
658 4104 758 4161 diesem
770 4104 904 4162 hhustlioh
918 4103 962 4159 ein
977 4094 1227 4157 liohohaul'ulver.
1243 4093 1298 4148 Der
1312 4092 1401 4152 Neob-

117 4190 162 4247 har
172 4192 245 4249 stahl
260 4209 291 4248 es
304 4190 413 4263 riohtig,
423 4197 487 4262 trug
501 4208 532 4247 es
547 4189 650 4248 sohnell
666 4188 734 4245 naoh
748 4188 835 4245 Haase
851 4186 904 4244 und
917 4185 989 4243 wari
1005 4201 1035 4239 es
1049 4179 1115 4249 eilig
1134 4178 1162 4234 in
1176 4178 1227 4236 den
1242 4177 1330 4276 Olea·
1361 4178 1401 4237 Da

115 4292 264 4349 temprang
279 4275 329 4333 dar
344 4275 413 4332 0ien
428 4275 476 4333 mit
495 4274 676 4332 iurehtbarem
695 4273 782 4343 linuit,
797 4272 842 4330 die
862 4272 976 4328 Fenster
999 4265 1053 4323 und
1066 4263 1172 4320 Thdren
1188 4263 1283 4322 inhren
1303 4263 1399 4324 hiaena

115 4360 167 4416 und
179 4361 231 4417 der
245 4367 376 4419 entsetate
391 4358 556 4418 Bilderieiad
570 4366 671 4418 omrem
686 4357 739 4415 wie
749 4355 920 4424 wahnsinnig
933 4351 981 4409 ani
992 4349 1036 4405 die
1047 4348 1164 4420 Strame,
1179 4343 1249 4409 dena
1265 4365 1296 4407 er
1302 4349 1401 4409 munte

116 4445 163 4502 der
175 4446 340 4503 verbrauote
354 4445 461 4517 heiliga
477 4443 546 4501 hehe
566 4443 625 4502 sieh
646 4442 694 4498 aui
708 4441 783 4498 diese
803 4439 899 4496 Weiss
919 4451 953 4491 ιι
967 4433 1021 4490 ssim
1042 4432 1164 4507 gerieht.
1214 4434 1401 4494 Derllrohbar

117 4529 258 4603 beruhigta
272 4531 318 4588 ibn
332 4530 398 4587 aber
413 4529 466 4587 uad
480 4536 583 4586 warato
597 4529 642 4586 ibn
659 4525 814 4597 augleieh.“
