3046 4926
736 333 787 404 84

131 531 229 596 Gloria
249 532 280 593 in
299 529 443 607 excelsis,
469 537 564 590 tamen
589 529 619 588 in
638 525 759 588 arbitrio
779 525 868 588 stabit
888 523 1044 607 Episcopi,
1071 527 1188 606 quoties
1209 524 1294 609 illurp
1313 529 1381 589 omit

129 619 302 709 voluerit.¹)

228 734 341 812 Tertio,
355 714 483 814 seqdeus
498 730 599 792 Oratio
613 729 663 791 illa
675 749 729 791 seu
743 728 880 807 collecta,
894 729 980 792 modo
995 732 1033 791 sit
1047 731 1095 809 pia
1106 726 1318 807 (atleresunt,
1330 749 1379 811 qna

128 840 280 902 dominicis
294 835 397 899 diebus
409 832 567 910 habeatur)
580 841 753 914 perseueret
764 833 822 893 ritu
835 850 901 910 suo,
916 831 1013 895 sedea
1022 818 1308 909 duntaxatunica.²)
1332 832 1381 895 l'os

126 943 202 1005 banc
224 941 314 1004 lectio
337 936 498 1019 Epistulae.
530 936 637 997 Veram
659 934 787 997 nondum
807 944 921 1015 tempus
941 944 988 996 est
1008 942 1038 996 et
1055 935 1104 996 hie
1117 934 1266 1012 nouandi,
1287 933 1381 1017 quand

126 1044 206 1108 nulla
219 1045 308 1125 impia
322 1040 440 1119 legitur.
481 1038 600 1120 Alioqui
614 1057 677 1100 cnm
691 1056 758 1099 raro
773 1054 826 1099 cae
840 1045 937 1118 partes
951 1056 989 1099 ex
1002 1037 1145 1118 Epistolis
1158 1037 1242 1101 Pauli
1258 1037 1381 1115 legantur

126 1149 157 1210 in
178 1148 282 1228 quibus
306 1144 378 1206 tides
397 1142 535 1219 docetur,
555 1141 608 1202 sed
621 1142 803 1222 potissimum
817 1142 943 1203 morales
956 1150 986 1202 et
999 1140 1232 1215 exhortatoriae.
1271 1139 1381 1219 thrdi

126 1257 212 1312 nator
234 1248 286 1311 ilie
305 1246 501 1329 Epistularum
527 1243 661 1306 videatur
684 1243 776 1304 luisse
792 1244 950 1321 insigniter
970 1243 1105 1304 indoctus
1126 1252 1157 1304 et
1177 1245 1381 1324 superstition

13 1372 19 1377 ·
127 1369 248 1434 operum
261 1348 450 1434 ponderator,
464 1347 591 1408 cilicium
607 1347 775 1427 requirebat
788 1364 838 1406 eas
851 1349 949 1426 potius
964 1363 1017 1427 pro
1031 1347 1142 1407 maiore
1155 1354 1242 1425 parte
1255 1345 1381 1409 orbana

126 1453 230 1534 quibus
251 1453 323 1514 lides
341 1453 370 1513 in
385 1450 528 1512 Christum
543 1448 676 1512 docetur.
712 1447 792 1509 ldem
805 1457 887 1509 certe
900 1452 929 1510 in
943 1448 1114 1527 Euangeliia
1127 1450 1277 1528 spectavit
1290 1450 1381 1528 sepita

126 1558 258 1638 quisquis
271 1556 360 1617 luerit
371 1553 529 1615 lectionum
542 1553 660 1614 istarum
673 1560 767 1613 autor.
805 1550 865 1612 Sed
880 1553 995 1613 interim
1005 1549 1156 1632 supplebit
1172 1550 1235 1612 hoc
1246 1549 1381 1615 sanauit

126 1659 248 1721 (luneio.
293 1657 410 1738 Alioqui
424 1658 449 1718 si
466 1656 592 1717 laturum
607 1664 667 1732 est,
690 1663 721 1715 ut
734 1654 889 1716 vernacula
903 1655 990 1716 missa
1004 1655 1145 1715 habeatur
1158 1653 1256 1734 (quud
1269 1652 1381 1717 Ghriata

123 1762 237 1840 iaceat)
256 1760 348 1823 danda
368 1769 414 1821 est
428 1775 536 1839 opera,
556 1767 587 1820 nt
598 1757 751 1840 Epistulae
764 1767 795 1818 et
807 1756 968 1836 Euangelia
983 1758 1044 1819 suis
1058 1757 1176 1836 optimis
1192 1765 1224 1818 et
1236 1755 1381 1838 potioribrt

124 1865 199 1927 loeis
211 1865 346 1944 leguntur
359 1864 388 1923 in
401 1849 538 1936 misse.⁸)

225 1967 346 2041 Quarto,
360 1963 504 2025 Gradnaie
517 1962 637 2023 duorum
650 1980 785 2022 vemnum
798 1962 883 2022 simul
897 1980 960 2023 cnm
973 1960 1107 2036 alleluia,
1128 1959 1179 2021 vel
1192 1970 1306 2040 vuum,
1318 1964 1381 2023 iurtt

124 2067 273 2129 arbitrium
286 2066 428 2146 Episcopi
441 2072 581 2125 cantetur.
606 2062 699 2124 Porro
714 2063 864 2140 gradualia
877 2061 1139 2145 quadragesimalia
1153 2072 1186 2125 et
1197 2061 1312 2143 sinnida,
1324 2081 1381 2145 quat

125 2168 198 2230 dnos
211 2185 315 2230 versus
330 2166 486 2240 excedunt,
502 2174 599 2226 cantet
612 2167 743 2245 quisquis
755 2165 829 2227 velit
842 2166 871 2226 in
886 2166 972 2229 domo
991 2184 1055 2242 sua,
1072 2165 1105 2226 ln
1122 2166 1247 2229 eeclesia
1260 2167 1381 2229 aolumrt

67 2288 70 2293 ·
124 2271 203 2333 tedio
218 2271 351 2347 extingui
365 2269 497 2349 spiritum
510 2254 688 2344 hostiumst)
715 2267 774 2329 Sed
788 2286 844 2329 nec
859 2271 950 2350 ipsam
967 2267 1217 2351 quadragesimam
1229 2270 1294 2330 siue
1307 2271 1381 2331 maio

124 2393 185 2436 rem
204 2370 413 2437 hebdomadam
435 2380 483 2432 aut
502 2380 614 2433 sextam
632 2370 734 2433 leriam
756 2389 913 2452 pencsam,
935 2374 999 2434 aliis
1017 2371 1122 2433 ritibus
1136 2380 1287 2434 ostentare
1300 2373 1381 2448 decet

122 2603 176 2663 und
190 2603 240 2660 das
252 2603 284 2660 ll.
300 2603 468 2661 musicalisch
483 2604 530 2661 mit
544 2605 739 2661 lustramenten
754 2621 904 2677 gmuugen.
937 2603 984 2662 Ich
998 2606 1124 2662 emanere
1139 2606 1219 2676 mich,
1234 2606 1276 2661 ala
1289 2605 1316 2663 iu
1328 2600 1381 2659 nce

122 2707 174 2747 nen
185 2688 388 2747 linubeniahren
403 2689 429 2745 in
444 2688 494 2746 der
507 2688 584 2746 Stadt
593 2691 680 2746 borna
695 2689 739 2746 die
750 2691 864 2747 Schulen
880 2693 1018 2762 besuehte,
1033 2691 1096 2761 desp
1106 2691 1179 2748 allda
1189 2690 1240 2748 das
1251 2690 1331 2761 ltprte
1340 2686 1381 2746 dtr

122 2774 261 2846 Soantage
282 2774 328 2830 mit
342 2774 484 2846 Violinen,
503 2776 675 2832 blosaunen
691 2793 717 2832 u.
734 2778 748 2829 l
763 2777 881 2832 dincken
896 2777 1016 2833 musicirt
1032 2776 1119 2833 ward.
1151 2779 1206 2834 lter
1225 2775 1325 2833 Zincke
1335 2788 1381 2832 nt

121 2854 219 2932 linger
236 2860 276 2917 als
291 2859 430 2930 einellile,
443 2860 517 2916 hatte
527 2860 631 2917 Lbcber
645 2861 699 2916 wie
714 2861 859 2917 eineltote
870 2861 1076 2918 oderllautbois
1086 2879 1113 2917 n.
1124 2878 1186 2918 war
1195 2862 1381 2918 etwashrau

121 2964 146 3003 u.
169 2945 314 3017 gebopen,
335 2944 435 3015 idange
457 2944 523 3000 auch
542 2945 601 3001 hart
614 2962 641 3005 n.
656 2962 739 3007 crasa.
768 2949 825 3003 Der
839 2946 1038 3003 Stadt·l'ieiiler
1050 2963 1110 3003 war
1123 2947 1169 3003 ein
1183 2947 1295 3004 starker
1307 2946 1381 3012 lana

122 3031 170 3088 der
192 3036 290 3087 memte
311 3029 418 3087 allereit
436 3029 488 3087 den
502 3030 621 3086 Zineheu
635 3030 743 3101 blesen,
766 3032 830 3087 weil
844 3032 893 3087 der
908 3032 1034 3088 Geeellen
1048 3033 1144 3088 heiner
1159 3030 1272 3089 solches
1286 3048 1319 3088 an
1330 3030 1381 3087 Gn

120 3116 286 3175 vermoehto.
319 3114 394 3172 Aber
413 3116 480 3171 anch
500 3115 550 3170 der
564 3114 634 3170 llerr
654 3116 739 3172 selbst
758 3116 828 3172 blies
842 3117 964 3188 allereit,
988 3116 1052 3174 daea
1067 3134 1097 3173 er
1113 3117 1241 3174 schmara
1255 3115 1345 3188 ward,
1360 3129 1381 3171 a

119 3197 292 3255 beachwerte
305 3199 363 3256 rich
376 3199 497 3256 vielmals
512 3199 637 3270 darithou,
651 3200 696 3256 die
711 3202 850 3258 Poscunen
869 3202 989 3273 idungen
1006 3201 1138 3258 elnnialls
1153 3218 1207 3274 gar
1223 3204 1298 3260 nieht
1310 3212 1381 3273 ιη*

120 3283 207 3340 nebm.
236 3284 293 3341 lior
307 3283 409 3340 diesem
423 3284 523 3341 Getone
537 3285 585 3341 der
598 3287 792 3343 lustramenten
807 3287 890 3343 kunte
903 3304 963 3343 man
978 3287 1023 3343 die
1034 3288 1163 3344 summan
1177 3287 1231 3345 der
1240 3284 1381 3362 Siapeffl

120 3368 194 3425 nicht
210 3368 278 3425 oder
291 3369 384 3439 menig
396 3369 511 3426 horen.“

178 3452 208 3530 1)
224 3454 296 3510 Cave
311 3470 345 3510 ne
359 3454 507 3511 conlaudas
521 3455 642 3512 Gloria
656 3455 689 3511 in
705 3455 865 3513 excelsis
879 3473 901 3511 a
918 3458 1028 3513 maius
1042 3472 1101 3513 cunr
1116 3455 1246 3515 Gloria
1260 3455 1381 3517 Patria

119 3539 213 3595 mino
224 3538 267 3594 ri:
282 3536 312 3596 G.
327 3539 399 3596 l'atri
414 3548 441 3596 et
454 3539 522 3597 Filio
540 3549 568 3597 ct
581 3540 691 3613 Spiritui
706 3542 806 3597 Sancto
821 3541 895 3596 Sicut
909 3550 968 3597 erat
981 3542 1008 3597 in
1022 3541 1158 3615 principio
1171 3549 1242 3615 ete,
1255 3556 1335 3617 quan
1346 3536 1381 3597 ad

117 3623 192 3681 hibet
203 3622 327 3680 Ecclesia
340 3625 457 3680 Romanu
475 3625 504 3680 in
519 3625 649 3695 lntrcitu,
670 3625 697 3680 in
713 3627 766 3683 line
781 3625 946 3682 Psalmorom
962 3635 1014 3684 etc.
1048 3627 1196 3699 Utrumque
1213 3624 1381 3687 ecclesisis!

116 3709 187 3765 theri
208 3708 327 3766 cenavit
349 3709 384 3768 ei.
409 3711 536 3766 Thesaur.
558 3710 683 3780 llpmnol.
703 3713 744 3782 ll,
759 3729 786 3783 p.
801 3710 852 3767 267
867 3729 907 3784 sq.
938 3712 1006 3769 cod.
1023 3711 1073 3768 bit.
1088 3713 1110 3772 l.
1132 3729 1160 3786 p.
1175 3714 1213 3767 25
1227 3730 1272 3787 sq.
1291 3713 1381 3785 1le

117 3794 229 3850 liumani
242 3794 357 3852 reticent
371 3795 462 3853 Gloria
477 3796 561 3852 mains
574 3795 601 3851 in
612 3796 700 3852 hlissia
714 3796 748 3852 de
763 3805 886 3869 tempore
900 3798 970 3853 inter
980 3797 1144 3867 Adventum,
1159 3796 1381 3872 aSeptuagffl

116 3895 201 3953 usque
214 3879 249 3935 ad
258 3880 371 3954 Pascha,
384 3881 412 3936 in
427 3880 546 3953 plurimis
556 3880 674 3951 Vigiliis,
688 3882 715 3938 in
727 3882 815 3938 ldisais
827 3882 1017 3939 Delouetornm
1032 3891 1102 3942 etc:
1117 3882 1252 3940 butberua
1263 3876 1381 3943 cinnat

114 3964 193 4037 leges
213 3964 355 4022 demandat
368 3964 510 4038 Episcopis
528 3971 557 4022 et
576 3966 741 4023 Paetoribus.
773 3967 896 4023 Ceterum
919 3975 996 4024 vetus
1017 3968 1134 4025 ecclesia
1150 3969 1307 4028 butberana
1327 3964 1381 4027 d

114 4048 193 4122 quam
210 4049 430 4107 consuetudinem
444 4049 478 4105 de
492 4049 583 4108 Gloria
599 4059 627 4108 et
639 4050 754 4108 Alleluia
769 4050 889 4107 canendo
905 4053 949 4108 rel
966 4053 1107 4109 reticendo
1122 4052 1290 4112 incolumen
1303 4064 1381 4113 m

113 4135 162 4191 vit
192 4135 312 4192 bodecus
336 4134 414 4206 „Etsi
434 4142 520 4190 autem
540 4136 592 4192 boc
611 4137 707 4194 nuliius
728 4144 770 4192 est
790 4137 933 4208 momenti,
955 4154 1014 4194 cum
1034 4138 1136 4209 singuli
1156 4140 1279 4211 siugulis
1302 4132 1381 4199 dieti

114 4219 198 4277 licum
217 4220 340 4277 laudibus
360 4219 659 4293 praedicationibusque
679 4222 812 4279 extollere
827 4222 923 4279 merito
939 4221 1099 4294 debeamus,
1121 4222 1296 4283 ordinationi
1308 4230 1381 4283 tad

116 4305 251 4361 ecclesiae
267 4305 389 4361 standum
403 4305 496 4387 ‹luttifi

174 4388 205 4457 2)
220 4390 286 4445 Cod.
301 4391 349 4449 bit.
364 4391 385 4446 1.
401 4408 429 4462 p.
444 4390 487 4448 58.
528 4388 559 4466 3)
576 4390 617 4449 Gi.
632 4406 659 4462 p.
676 4391 709 4445 19
723 4407 763 4461 sq.
792 4391 863 4446 Sane
877 4390 950 4462 quod
964 4392 1052 4465 carpit
1065 4393 1209 4466 tumens,
1223 4397 1324 4455 multas
1336 4386 1381 4469 d

114 4471 200 4529 stolas
214 4475 411 4531 exhortatorius
427 4492 489 4533 esse
504 4481 531 4531 et
546 4474 749 4546 paraeneticas,
766 4474 813 4531 alii
826 4475 856 4539 id
869 4475 968 4533 ducunt
978 4477 1061 4533 laudi.
1092 4477 1221 4537 Getarum
1232 4474 1381 4542 raucus!

114 4564 243 4631 poterant
256 4559 369 4616 luthero
386 4560 516 4632 epistolae
533 4561 645 4631 multae,
661 4576 676 4614 e
691 4560 763 4614 Pauli
779 4561 888 4632 scriptis
902 4561 1087 4635 depromptae,
1103 4564 1203 4636 quibus
1217 4554 1381 4629 doctrina!

109 4644 165 4700 lide
185 4650 214 4700 ct
234 4643 425 4701 instibeatioae
437 4645 504 4701 tatia
517 4650 545 4700 et
561 4645 709 4702 luculenter
724 4660 773 4715 per
786 4661 883 4701 annurn
897 4645 1020 4704 deutur.
1062 4647 1096 4723 4)
1109 4647 1181 4713 ch.
1197 4652 1251 4711 bit.
1268 4654 1290 4712 l.
1306 4670 1335 4729 p.
1347 4640 1381 4707 fl
