3046 4926
730 262 777 331 71

101 448 195 511 m
212 446 304 531 rap,
322 453 403 511 sm
414 446 625 515 mosmos
638 422 939 517 convescentem
951 455 1178 521 emenone
1189 460 1253 521 unu
1265 456 1398 541 seper-

101 551 274 615 mcbem
288 553 373 615 aeirus
391 549 640 636 Verbnudlunpeu
651 556 733 637 fort,
746 559 810 619 und
821 558 903 619 ludet
914 560 1001 621 doen
1016 558 1098 620 Tbcil
1107 560 1162 622 der
1174 560 1311 642 Brirper,
1324 564 1399 627 oder

101 655 143 717 lle
165 674 215 717 aas
235 656 345 719 ἀίσσον
355 653 424 720 Zeit
442 656 504 735 uus
515 658 574 721 dos
586 659 754 722 ltutldtnus.
796 660 854 724 Die
866 661 1127 725 Kirclteubebdrde
1149 664 1208 725 sals
1226 666 1291 726 sicb
1308 672 1396 746 peoo-

101 760 179 841 ispa,
200 760 314 822 dnvrcb
323 760 411 821 dm
423 758 532 822 bross
544 780 613 824 coss
627 761 677 826 12.
690 761 779 842 April
792 759 874 825 1842
887 752 982 844 deperi
993 765 1075 826 diere
1088 764 1323 847 Erttsoeibuupeo
1333 768 1400 832 siclt

101 862 363 944 westan
404 862 585 926 Gleicbtoodl
601 865 715 927 biesbeo
733 866 781 927 dic
793 865 924 929 booten
943 886 1012 929 sum
1027 874 1194 947 prdsserert
1218 869 1315 933 Tlteilc
1336 871 1399 935 lcsr

101 966 150 1027 ud
162 966 231 1029 nter
246 964 472 1045 Bustpreds'qer
484 966 525 1028 ist
535 967 640 1049 briufip
651 970 707 1031 der
716 971 850 1031 elimame
861 970 983 1032 lledw
994 970 1050 1032 der
1067 969 1180 1035 Wristc.
1220 973 1253 1036 ln
1268 976 1399 1039 Saxonis

101 1088 229 1133 nones
243 1070 397 1149 Georgius
408 1069 532 1134 Elector
543 1067 628 1134 1664
642 1072 731 1134 duas
745 1073 909 1136 introduxit
923 1075 987 1136 dies
1002 1077 1221 1156 poenitentiae:
1236 1086 1332 1140 tamen
1345 1096 1398 1141 ue·
1471 1136 1474 1141 .

101 1192 149 1255 pe
168 1175 295 1255 ubique
314 1191 412 1253 nsque
432 1177 538 1255 quovis
553 1194 630 1238 auno
646 1176 899 1253 observabantur,
924 1197 1017 1258 usque
1031 1177 1098 1239 dum
1110 1173 1196 1239 1710
1210 1190 1290 1241 tres
1303 1182 1399 1243 leriae

101 1276 338 1340 nuttenoaies
352 1277 519 1357 adscriptae
533 1281 601 1339 sint.
627 1279 711 1341 Nunc
725 1282 753 1341 iu
769 1280 901 1361 plurimis
917 1280 1088 1342 Germaniae
1102 1283 1275 1362 provinciae
1289 1283 1397 1346 bntlne·

101 1382 175 1443 ruis
198 1380 283 1442 duae
303 1379 353 1441 vel
376 1389 437 1441 tres
458 1398 514 1462 per
530 1399 637 1443 annum
660 1394 843 1463 peraguntur
855 1384 1086 1464 snpplisationes
1101 1386 1346 1463 poenitentiales:
1366 1387 1397 1449 in

101 1501 195 1563 regno
204 1484 364 1545 saxoniae
376 1482 463 1545 Feria
475 1484 515 1545 lll
528 1493 596 1564 post
610 1485 823 1565 Reminiscere,
839 1485 924 1549 Feria
939 1486 1058 1548 Vl'ante
1073 1485 1201 1549 ultimam
1214 1488 1397 1552 Dominicaun

101 1598 168 1667 port
179 1586 355 1654 Trinitatis:
366 1587 397 1648 in
410 1585 524 1649 Ducatu
536 1587 989 1670 Megalopolitano·Sucrinensi
1003 1588 1088 1650 Ferte
1101 1588 1141 1650 vl
1154 1600 1223 1670 post
1236 1593 1396 1671 Sexagcsl·

101 1710 179 1771 nae,
193 1694 265 1770 ipsa
277 1688 337 1751 Dis
351 1690 549 1768 Parascenes,
563 1690 716 1754 Dominica
728 1691 770 1753 lll
788 1701 857 1773 post
870 1691 1038 1769 Trinitatis,
1051 1689 1139 1752 Furia
1154 1702 1239 1755 sexta
1253 1704 1322 1756 anto
1335 1695 1396 1757 llo·

101 1799 238 1857 ninicu
251 1790 409 1857 Adventus
422 1796 450 1867 l;
465 1794 493 1853 io
508 1794 622 1855 boceto
635 1794 1100 1876 Megalopolitano-Strelitviensi
1113 1793 1199 1856 Ferie
1209 1795 1249 1855 v1
1263 1806 1332 1877 post
1339 1796 1397 1858 lie·

101 1902 271 1971 miniscere,
284 1893 372 1961 Feria
387 1897 428 1961 vt
440 1909 509 1963 ante
523 1896 704 1959 Dominicam
717 1897 870 1960 Adventus
882 1900 912 1967 lt
925 1900 955 1959 in
969 1898 1091 1960 llavaria
1101 1898 1395 1979 DominicaSoxage·

104 2005 267 2065 timete
286 2001 424 2081 Regnum
431 2000 689 2067 Bornssiaesemel
699 2020 867 2081 perannum
876 2019 962 2064 unum
973 2000 1105 2062 celebrat
1114 1999 1399 2083 diemSupplicatio·

107 2108 150 2168 nis
161 2116 195 2169 et
206 2106 415 2169 Poealtentiae
428 2107 525 2185 (Bet-
541 2125 570 2166 u.
583 2104 772 2183 Busstap),
786 2104 872 2166 Feria
885 2113 987 2187 quarta
1002 2113 1070 2185 post
1082 2103 1221 2167 lubilate:
1236 2105 1315 2185 qood
1329 2123 1396 2187 pes·

109 2211 207 2271 dnum
231 2211 378 2290 temporis
400 2210 566 2290 exemplum
587 2208 746 2271 nonnullae
768 2207 914 2270 ecclcsiae
937 2208 1066 2268 imitatae
1083 2216 1162 2269 sunt.
1210 2209 1290 2270 Sane
1309 2227 1395 2288 vero,
1417 2285 1419 2288 v

110 2313 132 2372 si
149 2314 312 2393 praemium
326 2323 527 2393 proponatur,
550 2314 598 2392 qui
615 2322 729 2392 tempus
744 2312 908 2372 invenisset
924 2309 1042 2388 lugubri
1059 2311 1262 2390 poenitentiae
1277 2312 1395 2373 minime

110 2424 218 2495 rptnn,
243 2414 376 2477 ecclesia
388 2416 546 2477 Borussiae
566 2416 720 2476 victoriam
738 2423 906 2493 reportaret
927 2412 963 2474 ab
985 2413 1129 2475 omnibus.
1171 2411 1240 2474 Tria
1259 2415 1289 2474 in
1313 2415 1395 2475 insti·

112 2518 210 2580 tuenda
222 2518 392 2581 testivitate
406 2518 484 2579 bene
499 2517 684 2580 observanda
697 2527 780 2578 snut:
802 2534 894 2578 annus
909 2515 1073 2593 ecclesiae,
1089 2534 1182 2576 annus
1196 2516 1251 2591 τῆς
1263 2508 1395 2597 φύσεως,

111 2638 195 2681 annus
216 2620 326 2685 civilis.
367 2621 453 2697 Quod
473 2624 499 2683 si
521 2622 645 2701 respicis
660 2619 694 2681 ad
711 2638 816 2681 annum
830 2620 1062 2680 ecclesiasticum
1077 2618 1153 2679 male
1170 2620 1311 2680 miscetur
1324 2618 1394 2681 alle·

111 2720 229 2785 lnirticit
256 2722 391 2787 cantibus
409 2733 572 2806 perpetuae
591 2724 762 2785 festivitatis
789 2756 827 2765 —
851 2722 996 2785 namhoc
1017 2721 1217 2783 nominedies
1242 2724 1320 2784 inter
1342 2721 1394 2784 l’a·

111 2826 174 2889 reba
190 2844 228 2889 ac
238 2836 437 2908 pentecosten
451 2827 487 2889 ab
502 2827 627 2888 ecclesia
642 2843 760 2907 semper
773 2826 905 2903 insigniti
919 2832 986 2885 sunt
1002 2857 1045 2867 -
1063 2826 1283 2904 poenitentialis
1298 2825 1394 2908 qucri-

110 2931 214 2991 monia.
246 2929 339 2993 l’orro
355 2930 485 2993 vernalis
498 2932 567 2991 anni
581 2931 713 3006 novitas,
728 2931 895 3010 quaomnia
909 2927 1011 2989 luctari
1025 2926 1175 3005 videntur,
1190 2930 1308 2991 minime
1322 2946 1393 2991 evo·

110 3041 155 3092 cat
168 3032 294 3092 mvndvs
304 3032 341 3093 ad
353 3032 471 3111 „llyrie
484 3030 640 3109 Eleison“,
654 3034 748 3108 magis
762 3030 798 3092 ad
814 3030 937 3107 „Gloria
952 3031 982 3090 in
996 3029 1123 3089 excelsis
1135 3017 1272 3107 Deo.“¹)
1304 3031 1393 3093 Deni-

109 3152 167 3214 pne
186 3134 291 3195 rustici
306 3136 368 3197 irre
389 3145 569 3217 queruntur,
591 3137 737 3219 tempori,
760 3136 816 3195 iano
836 3134 901 3195 aliis
922 3132 1026 3194 diebus
1045 3131 1132 3193 lestis
1147 3141 1312 3214 occupato,
1334 3153 1393 3216 quo

110 3236 228 3299 labores
237 3238 480 3317 ingravescereut
490 3240 615 3299 maxime
626 3239 798 3314 necessarii,
809 3255 915 3298 novam
926 3235 1116 3296 festivitatem
1125 3253 1192 3297 esse
1203 3237 1393 3317 adsignatam.

110 3338 188 3417 Quae
208 3358 276 3401 cnm
295 3343 337 3403 ita
356 3344 434 3420 sint,
453 3342 626 3423 saepissime
648 3340 685 3401 ab
701 3339 852 3401 ordinibus
866 3337 1097 3420 provincialibus
1112 3338 1346 3421 (Laudstdnden)
1359 3359 1395 3403 ac

111 3443 227 3521 modis
247 3454 385 3522 rogatum
406 3453 470 3524 est,
493 3455 524 3506 nt
545 3445 609 3505 dies
631 3444 833 3524 poeniteutiae
854 3441 1106 3504 transferretnrin
1121 3442 1200 3505 aliud
1215 3454 1344 3525 tempus;
1363 3452 1394 3505 at

112 3564 171 3626 vpss
187 3549 219 3607 in
241 3548 356 3608 irritum
375 3547 493 3610 redacta
514 3557 568 3608 est.
607 3546 699 3609 lmmo
722 3545 860 3623 Synodus
884 3544 1041 3620 Rheunos,
1060 3563 1138 3608 anno
1157 3544 1393 3609 dccccxcvii

115 3658 289 3729 magregata
309 3652 442 3731 suscepit
459 3651 537 3712 male
558 3649 719 3712 collocatae
743 3647 940 3710 sollennitatis
961 3649 1164 3729 patrocinium.
1211 3651 1250 3712 At
1269 3664 1392 3730 prorsus

115 3746 195 3815 tntu
214 3762 287 3815 sunt
306 3772 382 3833 quae
400 3754 538 3835 protulit:
559 3754 615 3813 iant
636 3753 794 3835 antiquitus
808 3751 866 3814 hoc
879 3760 1013 3832 tempore
1026 3751 1196 3815 celebrasse
1210 3751 1273 3812 dies
1289 3750 1392 3831 poeni·

116 3856 232 3936 tntae,
253 3865 324 3938 apte
345 3860 400 3921 bac
415 3856 577 3921 festivitate
590 3856 758 3940 praeparari
776 3854 902 3916 bdelium
915 3857 1027 3917 animos
1043 3854 1078 3916 ad
1090 3856 1180 3917 Sacra
1194 3852 1302 3914 Christi
1317 3851 1390 3915 l’cn·

117 3959 260 4023 mutabo
280 3959 473 4024 celebranda:
492 3960 570 4022 illam
591 3960 668 4022 diem
688 3960 744 4021 iam
764 3959 882 4021 infixam
897 3976 965 4020 esse
978 3958 1081 4039 populi
1096 3955 1260 4032 mentibus,
1281 3954 1393 4020 adcoa

116 4143 289 4157 *n---·

170 4242 200 4323 1)
214 4244 275 4302 llos
291 4244 393 4316 ignoro
409 4258 444 4298 ex
457 4242 600 4299 multorum
614 4242 746 4298 sententia
761 4240 822 4314 ipso
837 4242 885 4299 illo
900 4247 1024 4312 tempore
1039 4231 1232 4292 celebrandurn
1247 4252 1308 4294 esse
1322 4236 1394 4295 diem
1475 4234 1483 4249 ”

119 4329 308 4401 menone,
330 4335 361 4383 ut
378 4325 421 4384 luis
436 4328 531 4384 saltem
547 4328 643 4383 finibus
658 4328 781 4383 luxuriae
795 4324 1000 4383 effervescentis
1016 4332 1106 4377 cestus
1121 4329 1297 4379 coerceretur
1311 4324 1348 4385 ci.
1364 4339 1390 4397 p.

118 4414 152 4473 ⁴2
177 4415 233 4473 Sed
258 4412 399 4487 ingenium
420 4413 481 4470 unni
503 4413 700 4484 ecclesiastici,
729 4420 807 4469 recte
828 4410 1012 4478 intellectum,
1035 4423 1089 4462 non
1111 4407 1260 4465 insolenter
1281 4409 1391 4467 obsistit

118 4502 222 4583 φυσικῇ
236 4501 300 4558 suoi
315 4497 416 4557 rationi
431 4499 481 4555 sed
494 4515 558 4555 sese
573 4498 769 4555 accommodat.
808 4496 933 4552 Ceterum
947 4492 1011 4564 qui,
1032 4499 1062 4549 ut
1076 4493 1165 4565 aiunt,
1181 4495 1293 4553 libidine
1306 4511 1390 4553 vexa·

120 4588 162 4657 br,
174 4588 220 4643 vix
235 4586 360 4645 celebret
377 4583 449 4639 diem
464 4583 665 4658 poenitentiae;
681 4584 726 4656 qui
741 4579 872 4647 celebrat,
886 4578 932 4635 vix
946 4584 1060 4639 aestuat.
